1981 2750
343 448 401 494 82

496 449 599 493 Pars
619 459 666 493 z.
800 448 866 494 Dc
880 448 1029 495 Iudicio
1040 449 1144 495 inter
1164 446 1332 491 Gentes.
1439 445 1582 506 sest-3
1596 480 1607 491 .

511 560 617 592 cipatu
644 551 780 587 faeminas
801 565 869 589 non
891 551 1030 589 excludi.
1052 557 1090 589 In
1113 553 1181 587 aliis
1202 549 1272 586 fere
1298 548 1448 584 omnibus
1460 548 1679 595 Dignitatibus

513 595 640 642 Galliac,
652 610 766 644 utpote
778 602 809 636 in
822 605 953 638 Ducatu
962 603 1183 640 Normanniae,
1207 599 1384 642 Britanniae,
1400 598 1588 643 Aquitaniae,
1602 599 1680 631 Bur·

515 645 638 691 gundiae
649 648 797 690 mulieres
809 649 984 685 succedere.
1009 649 1201 694 Exemplum
1213 647 1366 690 clotarii,
1378 649 1409 679 &
1420 644 1577 726 Siffebeiti
1592 673 1601 685 ‚
1624 646 1679 691 qui

512 692 706 738 'posthabitis
717 695 840 732 filiabus
853 697 1075 737 succedebant,
1098 708 1165 731 non
1177 695 1319 730 sufficere
1333 692 1372 726 ad
1388 692 1446 728 fun
1473 692 1588 727 andam
1601 704 1679 726 con-

516 741 728 783 suetudinem,
740 746 776 779 iis
787 745 926 782 fortaffis
939 744 1138 790 temporibus
1149 773 1159 788 ‚
1184 741 1301 789 quibus
1315 750 1448 786 regnum
1462 752 1529 774 non
1544 749 1609 774 tam
1623 740 1681 774 hae-

517 788 716 831 reditarium,
737 804 834 838 quam
846 793 1000 839 suffragiis
1011 791 1220 827 deferendum
1235 787 1422 824 habebatur.
1447 789 1599 833 Denique
1611 788 1680 822 Ηο-

517 839 673 883 magiurn,
685 839 724 873 ab
737 839 900 886 Edvardo,
911 840 1037 875 Valesio
1051 838 1234 885 praestitum,
1259 840 1287 872 ei
1301 847 1368 871 non
1380 832 1532 879 obfuisse,
1547 833 1638 881 quod
1650 836 1680 868 in

518 887 636 920 minori
649 896 737 922 aetate
751 882 890 923 Edvatdi
903 888 1025 925 faifkum
1036 885 1115 923 esset
1130 915 1139 929 ‚
1163 889 1195 921 &
1210 894 1352 921 metune
1362 883 1504 920 Valesius
1516 885 1696 921 Ducatum-

518 934 695 980 Aquitania·
708 934 879 971 invaderet,

517 1035 569 1063 Vid
593 1036 805 1072 Froffizrdum&
819 1037 1039 1075 Walfingbamum
1061 1036 1148 1075 Histor-
1174 1036 1204 1065 de
1222 1040 1329 1074 temper.
1347 1033 1396 1063 Ed.
1411 1047 1437 1071 3.
1466 1033 1608 1071 (ruff-min
1621 1037 1683 1061 (im-

550 1075 622 1114 si'ict.
636 1075 774 1113 Burgundi
806 1076 1041 1112 ,Deifidaetseffj
1059 1086 1092 1104 nu
1114 1077 1158 1113 38.
1182 1080 1364 1108 flammantium
1378 1074 1404 1101 in
1414 1077 1508 1102 Franco
1523 1073 1613 1102 Gaura
1626 1079 1689 1111 cap.

562 1124 572 1142 ι
580 1124 601 1142 ο.
609 1119 646 1146 (9⁴
656 1113 685 1142 de
691 1114 836 1153 succeffione
850 1118 877 1144 in
887 1125 961 1155 reguo
969 1116 1076 1149 Gallie.
1086 1113 1144 1156 capi
1158 1127 1184 1145 ι.
1212 1118 1375 1153 Argamum
1386 1120 1431 1152 ΡΝ
1440 1119 1551 1150 ‘umque
1562 1118 1642 1152 9⁶¹⁰
1656 1120 1685 1143 ’Β

558 1159 593 1180 A:
601 1153 695 1182 chivis
703 1154 870 1184 Bibliotheca
884 1155 1038 1184 ecdiciam.

526 1274 573 1309 13.
621 1264 696 1299 eAn
706 1266 816 1354 {cVepoii
817 1279 858 1300 ex
863 1266 964 1308 sorore
975 1294 986 1309 ‚
1011 1266 1128 1299 Patrui
1139 1265 1204 1311 filio
1217 1265 1248 1297 ‘in
1265 1261 1440 1307 succeffione
1451 1259 1492 1296 ad
1500 1272 1626 1309 regnum
1640 1261 1687 1305 fit·

650 1323 708 1359 prae
725 1325 793 1346 eren
814 1318 867 1346 us?

522 1414 767 1499 MArtinus
780 1414 849 1450 Rex
861 1414 1041 1460 Aragoniae,
1054 1415 1087 1447 &
1101 1413 1207 1448 Siciliae
1218 1411 1318 1446 filium
1332 1409 1444 1445 habuit
1454 1410 1583 1444 unicum
1596 1408 1689 1443 Mar·

649 1462 765 1504 tinum,
784 1461 839 1506 qui
853 1460 934 1497 obiit
946 1471 1020 1495 ante
1032 1465 1155 1495 Patrem
1170 1491 1180 1504 ‚
1200 1460 1311 1494 relido
1323 1458 1390 1494 filio
1402 1456 1570 1494 frederico
1582 1456 1684 1501 illegi-

526 1511 623 1553 timo,
634 1509 774 1543 sororem
788 1507 901 1542 habuit
924 1519 1107 1555 germanam
1122 1509 1334 1543 Helionoram
1352 1534 1359 1546 ‚
1383 1508 1416 1539 δι
1427 1517 1466 1540 ex
1477 1516 1512 1538 ea
1523 1506 1685 1549 Nepotem

525 1555 761 1592 Perdinandum
773 1554 928 1594 Castellae,
955 1560 987 1590 δι
1001 1557 1271 1602 consanguineum
1286 1553 1442 1597 Jacobum
1468 1552 1688 1598 Urgelensem,

526 1604 682 1648 Iohannis
694 1602 808 1637 scilicet
821 1605 926 1638 Patrui
947 1603 1058 1638 filium.
1085 1605 1229 1638 Martino
1243 1601 1398 1636 defuneio
1411 1630 1421 1648 2
1442 1599 1484 1633 de
1496 1610 1598 1645 regno
1608 1610 1688 1634 con-

527 1650 717 1693 tendebant,
730 1649 914 1684 Fredericus
926 1652 1126 1696 illegitimus,
1151 1649 1288 1692 Jacobus
1302 1648 1488 1694 urgellensis
1502 1677 1511 1691 ‚
1537 1651 1567 1680 δε
1581 1645 1687 1681 Perdi-

530 1699 656 1733 nandus
668 1697 819 1733 Castellae.
845 1699 967 1732 Placuit
980 1698 1186 1735 Arbitrorum
1201 1696 1321 1740 judicio
1343 1708 1408 1730 rem
1424 1694 1615 1729 submittere.
1629 1697 1689 1738 Ar·-

532 1747 609 1780 bitri
623 1744 771 1790 assumpti
793 1745 876 1789 sunt,
888 1755 951 1780 tres
962 1756 1000 1779 ex
1010 1747 1174 1791 Aragonia
1189 1773 1196 1785 ‚
1216 1754 1278 1778 tres
1289 1756 1327 1778 ex
1340 1744 1486 1777 Valentia
1500 1772 1509 1787 ,
1534 1745 1566 1775 &
1579 1751 1640 1775 tres
1651 1752 1690 1775 ex

533 1794 715 1827 Catalonia.
742 1791 903 1839 Theologi
916 1824 926 1837 ‚
944 1792 1186 1836 jurisconsulti,
1206 1792 1325 1838 aliique
1344 1802 1455 1825 omnes
1476 1791 1601 1824 summae
1616 1800 1690 1833 pru-

533 1841 644 1875 dentia:
655 1871 665 1885 ,
686 1844 717 1873 ὃ(
731 1840 897 1884 probitatis
909 1842 974 1875 viri.
1001 1839 1184 1875 Fredericus
1196 1851 1234 1874 ex
1256 1839 1323 1874 filio
1339 1838 1481 1873 defuiie‘li
1497 1839 1608 1882 Nepos
1622 1836 1691 1869 ille-

536 1890 666 1934 gitimus
680 1887 939 1928 contendebat‚se
950 1900 1017 1923 non
1027 1890 1165 1922 omnino
1177 1888 1380 1934 illegitimum
1393 1884 1467 1929 effe,
1487 1887 1542 1930 qui
1555 1896 1592 1918 ex
1605 1894 1692 1927 patre

537 1934 655 1980 cir-libe,
676 1938 706 1968 ὅ(
722 1944 823 1969 matre
836 1937 968 1980 innupta
981 1945 1073 1969 natus
1084 1933 1162 1969 esset
1176 1964 1185 1978 ‚
1211 1934 1240 1969 se
1253 1933 1410 1968 natalibus
1422 1932 1443 1967 al
1456 1931 1612 1966 Pontifice
1622 1931 1692 1965 Ro-

536 1995 635 2017 mano
651 1981 843 2027 restitutum,
858 1992 1002 2027 praeterea
1015 1982 1213 2026 meruisse‚ut
1225 1981 1314 2026 ipsius
1326 1981 1408 2015 ratio
1420 1976 1693 2024 haberetur‚quod

537 2043 639 2076 nuper
653 2029 842 2074 amplissima
855 2031 984 2065 vifloiia
999 2040 1132 2076 regnum
1144 2030 1250 2064 Siciliae
1266 2029 1431 2074 Aragoniae
1441 2025 1598 2070 adjecerat
1613 2053 1622 2064 ,
1639 2027 1694 2068 Ja-

538 2079 639 2114 cobus
650 2080 770 2112 Comes
783 2078 984 2123 Urgellensis,
1004 2077 1033 2112 se
1045 2074 1216 2112 masculum
1229 2087 1267 2112 ex
1279 2075 1418 2111 masculo
1430 2074 1627 2117 descendere,
1642 2072 1693 2107 fae-

538 2129 640 2160 minas
655 2128 741 2172 regni
753 2128 915 2170 incapaces
927 2155 937 2169 ‚
959 2130 1026 2160 n'on
1039 2127 1107 2170 plus
1129 2124 1205 2168 juris
1228 2124 1331 2159 liberis
1351 2135 1447 2171 quam
1483 2122 1550 2166 ipsae
1576 2120 1694 2155 habent

539 2173 709 2208 transferre
722 2172 811 2218 posse
824 2203 833 2218 ,
857 2171 1073 2208 ferdinandus
1084 2171 1227 2207 Castellae
1242 2172 1270 2207 se
1291 2182 1401 2205 natum
1422 2181 1459 2205 ex
1479 2180 1598 2209 matre,
1628 2179 1694 2214 quae

538 2223 714 2256 Matrinum
728 2223 851 2267 Regem
865 2220 1054 2256 desunehim
1078 2220 1208 2255 fratrem
1225 2231 1262 2254 ex
1276 2229 1415 2265 utroque
1431 2227 1560 2262 parente
1573 2216 1695 2257 habuit,

541 2271 595 2315 qui
607 2280 679 2305 cuin
691 2270 841 2316 sanguine
853 2270 1015 2315 proximus
1025 2269 1072 2311 fit,
1083 2269 1221 2306 naturali
1236 2267 1328 2313 jure,
1352 2265 1520 2312 &legibus
1531 2262 1697 2347 sucdcetc'lere

1598 2324 1614 2346 e
1640 2318 1691 2345 eat
