1981 2750
436 441 538 487 Pars
554 456 596 487 2.
731 441 796 487 De
812 442 960 489 Iudicio
970 446 1076 492 inter
1092 447 1252 490 Gentes.
1320 440 1487 491 Sechss.
1533 457 1550 487 ι
1564 459 1586 506 3
1598 455 1624 503 5

342 543 496 578 exercitus
508 544 634 588 Hispani
648 575 656 587 ,
679 545 733 591 qui
748 542 768 578 a.
779 545 905 588 captivo
919 545 1027 578 vicena
1039 554 1208 578 aureorum
1220 542 1321 577 millia
1341 540 1387 576 est
1413 554 1492 578 con-

343 589 492 635 sequutus
507 604 514 623 :
541 591 677 626 Dicebat
690 590 852 625 Praefectus
868 600 986 635 partem
1003 591 1094 634 pretii
1108 588 1204 633 hujus
1216 589 1449 634 redemptionis
1461 591 1498 625 fi-

343 636 374 670 bi
387 636 493 671 deberi
506 667 514 680 ‚
539 637 629 682 quod
641 640 728 673 miles
740 649 825 683 equo
847 638 903 672 suo
917 636 1120 671 dimicaverat
1134 664 1142 676 ,
1167 638 1224 682 qui
1237 634 1315 671 alias
1329 637 1434 681 praelio
1446 638 1496 671 in-

342 682 452 727 teresse
464 696 530 718 non
543 686 646 729 potuit
661 698 668 717 z
693 682 835 719 Petrinus
849 684 952 719 Bellus
965 683 1103 718 affirmat
1113 683 1156 728 se,
1167 696 1239 719 cum
1253 682 1330 718 esset
1342 685 1495 720 Brux'ellis

341 733 373 766 in
387 733 471 765 curia
485 732 704 776 Hispaniarum
717 734 813 777 Regis
827 731 866 765 de
878 731 936 766 hac
949 729 1118 777 quaestione
1142 730 1321 766 consultum
1339 758 1347 771 ‚
1375 734 1407 765 ὅ(
1420 743 1495 766 cen-

340 776 442 821 suisse,
455 789 512 822 pro
523 778 671 813 Praefecto
684 779 787 813 facete
797 780 1065 824 aequitatem,quae
1078 777 1229 823 praecipue
1241 778 1401 822 respicitur
1411 780 1495 813 inter

340 825 608 870 milites‚quoruni
621 826 830 861 controversiae
842 837 880 860 ex
889 828 1013 871 aequo&
1027 824 1116 860 bono
1127 824 1308 860 dirimendae
1322 825 1494 869 sunt3unde

341 872 424 906 ultra
437 883 593 908 conventa
605 873 852 918 quisobligatur
873 872 912 907 ad
924 871 956 906 id
969 902 979 916 ‚
1003 871 1093 918 quod
1105 872 1240 907 alterum
1252 873 1341 906 alteri
1376 871 1493 908 raestare

339 928 479 964 oportet:
505 920 686 955 Praefeelum
699 922 794 955 etiam
807 918 1001 965 proposuisse
1014 918 1278 954 consuetudinem
1290 883 1494 966 Castrorum,

339 967 441 1012 utqui
455 969 573 1014 equum
588 966 787 1010 commodat,
800 966 986 1004 admittatur
1007 968 1040 1001 in
1052 975 1171 1011 partem
1184 966 1261 1000 lucri
1273 993 1282 1006 ‚
1307 966 1351 1000 ait
1364 977 1453 1006 vero,
1463 967 1495 1000 se

339 1025 411 1049 curn
425 1012 445 1048 εὶ
461 1015 561 1050 Curia
575 1013 756 1057 recederet,
780 1013 862 1048 hanc
875 1014 960 1048 litem
984 1012 1152 1048 indecisam
1178 1010 1338 1058 reliquisse
1347 1034 1359 1058 3
1384 1011 1495 1057 postea

338 1070 443 1097 autern
455 1060 608 1096 audivisse
618 1059 712 1101 fuiss‘e
726 1061 969 1107 pronuntiatum
990 1059 1104 1096 contra
1120 1058 1299 1096 Pxaefedum
1310 1086 1321 1100 ,
1344 1060 1427 1104 iure,
1453 1071 1494 1097 an

338 1108 453 1152 injuria
464 1119 531 1143 non
542 1107 662 1143 definit,

338 1201 393 1230 Vaed.
412 1209 487 1233 petr.
498 1202 607 1239 Bellum,
615 1210 686 1237 part.
696 1203 817 1236 4.1it.8.
832 1210 874 1232 nu.
886 1202 914 1231 ει

384 1298 423 1329 Si
437 1308 539 1377 cgpbrus
553 1300 584 1329 in
596 1299 693 1343 praelio
712 1297 805 1334 denua
818 1301 958 1345 capiatur
971 1324 982 1340 ,
1005 1297 1127 1331 cuinam
1139 1293 1353 1341 Redemptionis
1364 1298 1494 1340 pretium

501 1347 607 1378 fiatur?

369 1437 528 1472 N‘Praelio
541 1439 623 1473 inter
635 1438 785 1474 cohortes
799 1438 910 1473 Caroli
929 1438 1033 1484 quinti
1047 1437 1250 1482 Imperatoris
1263 1464 1273 1479 ‚
1299 1438 1330 1469 &
1345 1434 1497 1470 Francisci

381 1485 478 1530 Regis
490 1485 617 1530 Galliae,
629 1486 747 1521 Gallus
761 1486 878 1520 nobilis
891 1489 921 1520 in
935 1483 1121 1530 potestatem
1131 1484 1240 1518 militis
1251 1482 1419 1518 Caesariani
1437 1494 1486 1517 re-

377 1530 486 1566 dactus
499 1531 566 1576 est,
589 1535 642 1579 qui
656 1534 687 1567 in
699 1533 818 1578 signum
830 1532 1002 1568 deditionis
1013 1531 1116 1567 ensem
1129 1529 1276 1574 tradidit,
1299 1532 1331 1563 δι
1346 1530 1488 1573 promisit

337 1588 402 1612 non
416 1578 580 1624 aufugere,
594 1581 737 1614 remansit
751 1590 857 1615 tamen
871 1581 904 1614 iri
915 1580 969 1613 suo
983 1590 1068 1625 equo
1090 1590 1162 1612 cuin
1175 1577 1260 1612 clava
1272 1594 1283 1621 3
1301 1575 1486 1622 ‘inciditque

336 1625 433 1669 paulo
447 1626 553 1670 postea
566 1629 599 1660 iri
624 1627 719 1661 alium
733 1627 941 1662 Caesarianum
954 1627 1121 1671 Equitem,
1143 1626 1198 1670 qui
1210 1625 1296 1658 clava
1310 1623 1338 1657 ei
1349 1622 1492 1667 abrepta,

337 1671 512 1706 &dimitiis
524 1673 563 1707 dc
575 1675 647 1719 equi
670 1674 841 1709 cervicibus
865 1674 1014 1716 habenis,
1042 1672 1140 1716 ipsum
1165 1673 1323 1716 captivum
1345 1668 1490 1704 abduxit:

333 1719 625 1763 supervenientibus
638 1733 712 1755 vero
726 1721 835 1756 Gallis
850 1751 859 1764 ,
883 1721 1131 1761 Caesarianorum
1152 1728 1256 1753 turma
1270 1717 1379 1763 fugam
1400 1715 1491 1766 fecit,

336 1769 368 1800 &c
383 1769 489 1812 Equus
502 1766 632 1802 effraenis
656 1769 706 1802 sua
720 1769 829 1814 sponte
843 1766 1032 1802 Caesarianos
1054 1765 1212 1811 fugientes
1235 1765 1418 1809 insequutus
1429 1761 1488 1802 est,

334 1812 438 1847 donec
465 1826 649 1859 perventum
672 1815 716 1849 est
731 1816 768 1850 ad
784 1814 902 1850 Pedites
916 1814 1102 1849 Cmsarianos
1116 1842 1126 1856 ,
1149 1814 1204 1858 qui
1225 1811 1335 1856 fugam
1359 1809 1489 1844 suorum

334 1860 597 1905 compresserunt,
609 1861 715 1897 hostes
727 1863 922 1907 repulerunt,
934 1863 1129 1906 captivumq;
1141 1861 1231 1894 illum
1244 1885 1253 1898 ‚
1274 1868 1370 1903 quem
1389 1868 1490 1902 equus

334 1906 483 1948 ducebat,
498 1919 650 1954 caperunt
666 1927 673 1952 ;
703 1910 786 1944 unde
800 1907 997 1955 quaerebatur
1014 1935 1020 1946 ‚
1046 1906 1136 1948 cujus
1150 1907 1291 1951 captivus
1303 1901 1374 1938 vere
1389 1903 1489 1955 liabe-

335 1964 432 1993 retur,
445 1967 483 1989 an
496 1958 588 2000 primi
599 1958 649 1993 cui
661 1955 755 1991 fidem
770 1960 800 1990 δὲ
815 1956 917 1990 ensem
931 1954 1061 1989 dederat
1076 1972 1085 1998 3
1111 1965 1151 1987 an
1175 1950 1299 1988 secundi
1316 1980 1324 1991 ‚
1349 1962 1403 1996 qui
1415 1950 1482 1983 cla-

334 2013 403 2035 vam
416 2005 442 2036 ei
455 2004 623 2048 eripuerat,
638 2008 668 2037 δε
682 2004 714 2037 iri
728 2003 855 2038 fraenum
868 2015 899 2036 in
920 2015 1005 2048 equo
1017 2001 1132 2035 fecerat
1146 2022 1155 2045 ;
1181 2013 1219 2034 an
1231 1998 1348 2034 Peditis
1358 1998 1412 2043 qui
1426 2006 1489 2031 ter-

334 2049 381 2082 tio
393 2049 489 2093 ipsum
515 2061 679 2095 vagantem
692 2060 815 2095 ceperat
831 2068 839 2093 ;
866 2049 990 2083 dicebat
1015 2050 1157 2082 Petrinus
1169 2046 1274 2082 Bellus
1297 2057 1355 2090 pro
1366 2083 1369 2085 A
1379 2043 1487 2089 pedite

335 2097 605 2138 pronuntiandum
622 2116 629 2139 ;
655 2099 728 2142 quia
743 2110 750 2128 ‹
767 2096 831 2130 uod
844 2096 882 2133 ad
894 2108 948 2130 eos
960 2095 1127 2134 attinebat,
1150 2096 1205 2140 qui
1219 2095 1317 2138 ipsum
1332 2092 1435 2136 primo
1449 2094 1481 2124 &

333 2142 471 2176 secundo
486 2145 559 2178 loco
571 2141 727 2188 tepefiunt,
738 2109 841 2178 (ballis-
855 2143 1046 2177 irruentibus
1059 2170 1067 2181 ‚
1091 2144 1123 2175 &
1137 2141 1315 2175 Caesarianis
1326 2140 1357 2172 iu
1368 2138 1480 2183 fugam

335 2190 422 2223 versis
436 2217 444 2229 ‚
469 2192 607 2235 captivus
622 2190 753 2235 pristinae
777 2190 911 2224 libertati
939 2189 1097 2224 restitutus
1118 2188 1294 2222 videbatur.
1319 2184 1436 2220 Baldus
1447 2189 1481 2219 in

336 2236 402 2270 casn
415 2247 513 2282 prope
524 2238 675 2273 consimili
690 2236 867 2282 distinguit,
881 2249 919 2270 an
935 2239 1052 2282 primus
1067 2239 1192 2282 capiens
1203 2263 1213 2277 ,
1238 2234 1395 2286 captivum
1409 2232 1481 2283 astu

1304 2288 1482 2324 retinuerit3
