1981 2750
352 435 454 478 Pars
476 447 519 476 2.
628 428 694 472 De
721 427 869 474 Iudicio
885 431 986 475 inter
998 431 1158 475 Gentes.
1272 435 1371 478 Se&
1392 449 1428 493 3.
1501 446 1564 489 79

282 536 418 584 Legatus'
429 563 436 575 ‚
471 538 507 569 In
528 533 694 567 Oceanum
724 529 868 565 lndicum
893 537 932 564 ab
964 532 1077 576 Anglis
1099 533 1258 576 navigari,
1289 544 1430 578 conque-

282 585 344 619 stus
357 582 411 618 est.
437 580 630 625 Responsum
645 578 718 612 tulit
729 589 745 611 a
759 578 884 621 Regina
914 579 1106 622 Elizobetha‚
1126 579 1213 612 illam
1226 591 1291 613 non
1305 580 1423 615 intelle.-

281 643 364 677 gere.
377 642 432 665 cur
442 626 732 672 sui‚&Principum
755 624 889 658 aliorum
911 623 1036 667 subdiri,
1059 624 1211 668 ablndijs
1232 626 1426 670 prohibean-

281 689 344 722 tur,
357 688 434 724 quas
445 673 602 719 Hispanici
618 671 694 715 juris
715 668 779 705 ess‘e
792 670 967 715 persuaderi
980 671 1031 705 sibi
1049 683 1114 706 non
1129 670 1221 717 poffit
1236 702 1246 715 ‚
1265 684 1305 706 ex
1319 676 1428 708 Ponti—

282 724 345 759 ficis
358 723 495 759 Romani
507 721 695 756 Donatione
712 746 722 761 ‚
743 718 775 750 in
788 729 854 763 quo
865 721 1099 763 Praerogativam
1114 721 1146 752 in
1159 718 1341 763 huiusmodi
1356 733 1427 756 cau-

279 773 316 807 fis
327 772 457 817 agnovit
470 768 587 802 nullam
600 796 610 810 ,
636 764 752 799 nedum
766 763 996 799 authoritatem
1010 793 1018 804 ,
1043 777 1077 799 ut
1089 765 1248 811 obligaret
1261 768 1429 812 Principes,

282 820 336 865 qui
350 820 392 852 illi
406 815 632 853 Obedientiam
644 812 764 846 nullam
777 810 895 846 debent
909 839 917 851 ‚
941 822 974 845 ut
988 812 1159 857 Hispanum
1175 824 1261 847 novo
1282 814 1339 849 illo
1351 814 1430 849 orbe

282 866 365 912 quasi
377 862 565 905 infeudaret,
577 864 610 894 &
623 858 811 905 posseffione
824 857 983 893 investiret
995 889 1004 903 ‚
1027 871 1082 894 nec
1096 861 1161 894 alio
1182 862 1334 905 quopiam
1349 857 1429 906 juress

283 924 376 959 quarn
391 910 479 956 quod
492 909 632 953 Hispani,
646 906 718 939 hinc
733 905 817 940 illini·
834 907 1011 950 appulerint
1029 935 1037 946 ‚
1057 907 1173 941 casulas
1186 907 1359 952 posuerint,
1370 909 1430 942 flu·-

284 972 375 1003 men‚
401 968 454 993 aut
467 956 722 998 promontorium
744 952 996 986 denominaverit
1014 982 1020 989 ,
1051 965 1117 999 quae
1140 955 1364 998 proprietatem
1379 967 1431 989 ac-

282 1008 406 1052 quirere
419 1016 483 1039 non
498 1000 639 1047 possunt,
662 1011 698 1034 ut
710 1000 768 1034 haec
783 1000 824 1033 rei
836 999 940 1033 alienae
953 1000 1101 1039 donatio,
1132 1012 1200 1046 quae
1210 1012 1248 1035 ex
1262 1001 1331 1044 jure
1340 1001 1433 1035 nihili

283 1052 341 1098 est,
353 1056 385 1086 &
400 1051 583 1096 imaginaria
597 1048 656 1082 hacc
675 1047 850 1091 proprietas
862 1045 989 1081 obstare
1010 1059 1076 1082 non
1088 1046 1202 1083 debeat
1216 1076 1225 1087 ,
1249 1060 1316 1093 quo
1329 1051 1434 1083 minus

284 1100 384 1135 caeteri
396 1099 564 1141 Principes,
575 1094 776 1130 Commercia
789 1094 819 1126 in
832 1093 893 1126 illis
915 1093 1097 1139 regionibus
1118 1105 1303 1135 exerceant,
1330 1099 1362 1129 δι
1377 1107 1429 1130 co-

286 1147 387 1182 lonias
400 1146 452 1180 ubi
467 1144 596 1188 Hispani
609 1153 675 1176 non
687 1142 832 1174 incolunt
846 1169 855 1183 ‚
883 1139 948 1181 jure
960 1142 1116 1175 Gentium
1140 1153 1340 1187 nequaquam
1365 1142 1433 1177 vio-

288 1194 352 1228 lato
365 1192 537 1233 deducant,
548 1200 619 1224 curn
634 1188 819 1232 Praescriptio
831 1187 892 1220 fine
906 1187 1099 1230 possessione
1111 1200 1178 1222 non
1189 1188 1300 1223 valeat.

288 1289 339 1317 Vid
355 1285 586 1322 camdenumElzz.
605 1285 675 1310 Anno
697 1283 778 1314 158¹·
806 1280 1251 1320 Grotiummarzxziberiffap.13.
1284 1284 1385 1312 Nolde„
1404 1283 1435 1311 Ag

326 1327 549 1363 Nobilitateicap.
562 1335 584 1351 2.
597 1332 639 1350 nu.
654 1322 698 1357 56.
714 1330 745 1354 (q
758 1324 814 1356 [eq.

294 1434 340 1456 ιο.
369 1423 396 1453 Ε
411 1424 523 1465 Regum
534 1418 616 1459 filiis,
630 1430 697 1450 uter
710 1419 742 1448 in
746 1415 922 1458 successione
934 1415 1128 1461 praeftrena'us
1139 1417 1192 1457 fit,
1203 1419 1257 1460 qui
1268 1428 1337 1450 ante
1347 1415 1433 1460 adep-

334 1478 400 1502 tum
409 1478 546 1512 regnum,
554 1478 593 1498 an
603 1467 656 1508 qui
665 1462 760 1510 postea-
775 1474 863 1497 naeus
875 1462 914 1506 est
924 1466 933 1479 ²

295 1568 430 1646 Cllm
442 1565 560 1601 Ottoni
571 1564 672 1609 primo
684 1561 853 1606 Imperium
865 1560 1004 1595 delatum
1016 1559 1105 1604 esset,
1115 1563 1269 1596 Henricus
1279 1561 1348 1603 ejus
1357 1562 1432 1596 Fra-

379 1625 438 1653 ter,
450 1612 533 1647 suasu
545 1610 685 1645 Comitis
695 1608 824 1643 Palatini
840 1637 848 1651 ‚
869 1607 1076 1653 Lotharingiae
1086 1611 1186 1643 Ducis
1200 1638 1207 1650 ,
1232 1609 1434 1654 aliorumque

379 1662 554 1704 Principum
570 1688 580 1701 ,
603 1657 696 1690 armis
708 1653 904 1697 vindicabat3
933 1655 1034 1697 Quod
1045 1656 1194 1700 Regnum
1214 1654 1266 1688 sibi
1292 1656 1324 1688 in
1338 1656 1437 1689 Patris

294 1717 392 1753 regno
403 1716 490 1745 nato,
503 1707 607 1749 potius
618 1713 711 1748 quam
724 1704 842 1735 Ottom
854 1711 926 1734 ante
939 1711 1069 1746 regnum
1093 1702 1241 1747 adeptum
1257 1712 1333 1735 nato
1347 1732 1356 1745 ‚
1377 1701 1435 1735 de-

293 1755 360 1789 beri
373 1753 535 1788 videbatur
548 1763 607 1793 pro
618 1750 684 1784 filio
700 1748 769 1792 post
782 1758 912 1792 regnum
925 1747 1073 1792 adeptum
1085 1748 1315 1789 nato,affertur.
1331 1748 1437 1796 Qod

295 1812 366 1835 cum
379 1803 459 1834 inter
471 1799 660 1834 Artabazem
675 1799 705 1830 ὃ(
717 1798 847 1830 Xerxem
862 1793 959 1828 filiurn
975 1796 1064 1829 Darii
1076 1795 1236 1841 Histaspiis
1249 1825 1258 1839 ‚
1279 1796 1318 1831 de
1346 1798 1435 1830 Persii

296 1849 398 1893 Regni
416 1845 602 1880 succeffione
613 1841 859 1877 contenderetur
871 1872 879 1885 ,
904 1844 1092 1876 Demaratus
1115 1846 1282 1887 Spartanus
1298 1873 1309 1886 ‚
1335 1853 1432 1888 regno

295 1895 423 1937 ejeetus,
437 1903 510 1927 tunc
523 1892 607 1927 forte
620 1889 753 1935 praesens,
776 1889 887 1923 dixerit
902 1918 911 1931 ‚
930 1888 1029 1922 filium
1043 1888 1114 1933 post
1125 1889 1273 1935 adeptum
1288 1898 1433 1937 regnum,

296 1943 382 1976 alteri
396 1941 579 1985 antegenito
605 1935 830 1982 praeferendum
844 1966 852 1980 ‚
875 1945 968 1978 atque
990 1934 1034 1969 ob
1055 1936 1134 1971 hanc
1156 1938 1277 1971 causam
1300 1947 1432 1982 regnum

296 1990 387 2023 Xerxi
409 1985 623 2028 adjudicatum
646 1981 748 2017 fuisse.
777 1982 877 2027 Qod
892 1984 985 2016 etiam
997 1982 1244 2019 Guicciardinus‘
1263 1981 1436 2018 obtinuisse

297 2035 410 2077 scribit,
421 2035 451 2067 in
465 2033 672 2066 contentione
683 2029 722 2064 de
733 2033 859 2064 Ducatu
872 2029 1111 2069 Mediolanenfi‚
1135 2033 1215 2065 inter
1226 2030 1434 2069 Ludovicum,

298 2085 329 2114 ὃ(
345 2082 515 2114 Baleatium
528 2079 649 2121 fratres,
660 2089 796 2123 quorum
813 2076 862 2110 hic
874 2085 944 2109 ante
956 2076 1105 2121 adeptum
1120 2076 1140 2111 ἐι
1152 2081 1242 2111 Patre
1252 2080 1429 2120 Ducaturn,

298 2129 349 2161 ille
364 2125 433 2172 post
445 2126 593 2170 adeptum
606 2155 615 2168 ‚
640 2135 730 2158 natu*c
750 2123 862 2158 fuerat.
890 2125 914 2157 E
924 2134 1035 2157 contra
1047 2154 1056 2167 ‚
1081 2136 1152 2158 cum
1167 2124 1236 2168 post
1249 2125 1336 2159 Darii
1349 2135 1432 2157 rnor-

297 2185 360 2208 tem
374 2174 431 2216 har:
441 2172 553 2207 eadem
563 2172 769 2206 controversia
790 2173 869 2206 inter
883 2172 1019 2204 Atticam
1032 2172 1134 2205 Dario
1146 2173 1276 2206 Prionto
1287 2201 1297 2214 ‚
1322 2174 1354 2204 δέ
1365 2172 1423 2215 Cy-

299 2233 368 2256 rum
381 2219 494 2256 eodem
507 2229 578 2264 rege
591 2219 652 2262 jarn
665 2218 749 2253 faeie
764 2247 773 2260 ‚
797 2228 904 2252 natum
930 2227 1038 2253 exorta
1050 2216 1138 2260 esset,
1150 2221 1182 2251 δι
1195 2218 1354 2253 Prafitadis
1366 2228 1431 2250 ma-

1380 2273 1441 2305 ter,
