1981 2750
453 461 612 506 Pars.2.
727 462 794 508 De
808 459 957 509 Iudicio
973 463 1079 507 inter
1098 462 1259 507 Gentes.
1325 463 1490 525 θεᾶς),

378 564 537 645 Dg‘rininii,
548 562 637 609 quod
649 563 790 600 Renatus
799 560 839 597 ad
849 561 879 597 se
891 562 1046 607 pertinere
1067 558 1293 602 contendebat,
1305 559 1442 596 deterius
1455 574 1521 600 non

376 621 408 644 re
456 620 530 646 eret.

373 703 426 733 νηί
449 705 580 733 Alcimum
589 704 620 733 de
623 702 750 743 lingulati
758 704 909 736 certamine,
924 708 983 742 cap.
995 712 1040 739 3⁰·

415 801 491 835 eAn
501 802 581 833 Dux
596 800 626 832 E
629 800 765 832 xercitus,
774 795 812 832 ab
824 796 901 841 hoste
910 806 1087 843 provocatus
1100 824 1111 839 ‚
1135 794 1265 831 duellum
1275 808 1344 831 curn
1357 795 1458 830 honore
1470 797 1519 830 de·

497 848 610 880 clinare
633 845 714 889 poffit
729 849 743 878 ?

367 937 504 1015 CUm
517 940 636 973 Comes
650 934 839 972 Hartfordioe
849 936 974 971 summo
996 947 1066 970 cum
1079 936 1214 980 imperio
1227 936 1259 970 in
1271 936 1410 970 Scotiam
1421 945 1509 969 exer-

451 987 547 1022 citum
560 986 739 1031 Anglorum
752 982 899 1022 duxissa,
912 986 944 1017 &
957 981 1142 1028 propediem
1153 994 1224 1018 cum
1237 985 1405 1017 Scotorum
1418 984 1512 1017 Duce

451 1036 485 1067 ὅ(
494 1034 631 1068 exercitu
646 1031 851 1066 dimicaturus
861 1029 938 1064 esset
950 1059 960 1071 ‚
981 1030 1089 1064 missus
1100 1028 1146 1064 est
1159 1042 1176 1063 a
1188 1028 1419 1064 Gubernatore
1432 1031 1510 1063 Sco-

359 1077 549 1122 tiae‚Faecialis
561 1079 601 1113 ad
613 1075 858 1125 proponendum
871 1077 1072 1112 conditiones
1086 1077 1180 1122 pam,
1201 1078 1235 1110 &
1248 1076 1387 1117 Comitis
1400 1077 1508 1109 Hunt-

358 1123 400 1160 laei
412 1129 544 1162 nornine
553 1125 698 1161 Tubicen
720 1125 776 1171 qui
786 1123 976 1159 Hartfordiae
987 1124 1109 1158 Comiti
1135 1122 1337 1158 denuntiaret
1353 1149 1361 1161 ‚
1387 1121 1407 1156 fi
1433 1132 1502 1166 pro-

357 1172 447 1216 pofiti
459 1175 542 1218 pacis
554 1173 756 1208 conditiones
767 1182 834 1205 non
849 1172 1018 1215 placerent,
1042 1169 1081 1204 ad
1095 1168 1280 1205 evitandum
1293 1168 1508 1214 profusionem

354 1218 513 1266 sanguinis
525 1221 662 1265 plurium
674 1216 944 1257 Christianorum,
964 1219 1128 1252 Comitem
1142 1215 1334 1252 Huntlaeium
1349 1224 1508 1260 paratum,

353 1264 466 1302 duello
478 1277 551 1302 cum
564 1265 756 1301 Hartfordiae
768 1266 910 1309 Comite,
919 1265 939 1299 fi
951 1266 976 1298 is
986 1274 1151 1304 annueret,
1173 1263 1217 1299 de
1225 1263 1360 1309 prasenti
1374 1272 1507 1297 contro-

352 1314 445 1349 versia
456 1324 651 1350 concertare:
676 1310 866 1348 Hartfordiae
887 1323 962 1346 vero
975 1312 1095 1346 Comes
1107 1322 1179 1346 curn
1194 1313 1279 1356 pacis
1299 1308 1504 1344 conditiones

352 1372 388 1396 ut
399 1362 503 1396 minus
525 1359 674 1396 honestas
684 1358 855 1406 respuisset,
869 1358 1016 1394 Tubicini
1030 1357 1212 1403 respondit3
1239 1354 1344 1403 Qod
1354 1356 1375 1391 fi
1386 1356 1435 1390 Lis
1454 1357 1503 1390 in-

351 1417 401 1444 ter
412 1408 510 1454 ipsum
525 1411 557 1442 &
571 1409 733 1444 Comitem
747 1407 938 1442 Huntlaeium
950 1405 1056 1441 fuisset
1070 1434 1080 1449 ‚
1103 1405 1131 1440 se
1145 1403 1288 1440 oblatam
1300 1402 1412 1439 Duelli
1422 1414 1502 1438 con·

350 1454 520 1496 ditionem,
533 1456 744 1492 recusaturum
755 1464 822 1489 non
833 1453 938 1493 fuisse,
951 1452 1003 1487 sed
1014 1464 1087 1486 cum
1099 1450 1310 1486 controversia
1322 1450 1398 1485 esset
1411 1450 1500 1495 regni

350 1504 482 1550 Angliae,
495 1515 568 1538 cum
579 1512 680 1550 regno
690 1503 811 1541 scotia,
834 1512 900 1535 non
912 1499 975 1535 esee
989 1501 1020 1533 in
1031 1499 1100 1542 ejus
1115 1497 1272 1543 potestate
1285 1498 1364 1532 tanti
1377 1497 1500 1542 negotii

349 1548 525 1594 discrimen,
537 1551 667 1596 proprio
680 1548 821 1596 periculo
834 1546 996 1591 subjicere,
1008 1544 1126 1580 nedum
1138 1557 1210 1580 cum
1225 1543 1383 1591 publicam
1396 1544 1497 1578 Ducis

348 1598 504 1632 exercitus
516 1598 680 1641 personam
701 1595 863 1632 sustineret
874 1624 884 1639 ‚
912 1594 1081 1629 convenire
1095 1620 1103 1632 ‚
1128 1594 1160 1626 in
1172 1602 1331 1627 certamen
1342 1602 1414 1625 cum
1428 1591 1497 1624 viro

348 1644 544 1679 conditionis
554 1646 675 1689 privata
686 1641 881 1679 descendere.
906 1639 1028 1676 Eodem
1050 1638 1151 1674 modo
1163 1650 1244 1674 ,cum
1254 1640 1333 1674 Dux
1342 1639 1496 1672 exercitus

347 1690 547 1726 Albanorum
560 1692 691 1727 Tullum
702 1692 820 1736 Regem
833 1688 874 1723 ad
885 1687 1027 1724 duellum
1039 1686 1238 1732 provocasset
1250 1714 1263 1728 ,
1273 1684 1392 1719 -Tullus
1402 1694 1493 1718 recu-

347 1739 422 1773 savit
436 1757 446 1783 5
470 1750 536 1785 quo
574 1750 640 1774 non
652 1740 797 1773 intereos
813 1765 821 1777 ‚
846 1735 897 1771 sed
909 1735 990 1770 inter
1002 1735 1143 1769 civitates
1168 1734 1319 1776 Romam,
1330 1733 1362 1764 δι
1374 1729 1492 1766 Albam

347 1787 514 1820 contentio
527 1787 603 1822 esset
617 1804 627 1832 3
652 1787 695 1820 ita
706 1784 894 1831 provocatio
904 1782 1033 1817 Sertorii
1045 1779 1066 1815 ὲ.
1076 1779 1364 1824 Meteilo‚Antonii
1373 1776 1412 1811 ab
1423 1780 1492 1812 Au-

346 1832 453 1877 gusto,
465 1833 577 1877 rejecta
588 1834 646 1879 est,
655 1831 745 1879 quod
757 1843 823 1866 non
833 1828 994 1876 expediret
1003 1831 1110 1867 Duces
1121 1829 1281 1864 Exercitus
1292 1827 1488 1871 privatorum

347 1879 485 1915 militum
496 1880 634 1918 fortunis
644 1882 675 1917 se
687 1879 897 1915 committere.

344 1974 399 2005 Vc‘d
416 1974 584 2013 Hvrmrddn
591 1974 706 2014 Historia
717 1971 833 2003 Edvardi
841 1970 922 2010 sexti.

1586 456 1697 537 147*
