1981 2750
291 398 1609 420 w

322 452 412 494 ¹92
479 433 584 478 Pars
603 444 645 476 2,
787 419 854 466 De
865 418 1014 468 Iudicio
1028 422 1134 471 inter
1146 422 1311 471 Gentes.
1390 424 1491 471 Se&
1513 440 1530 471 ι
1544 440 1595 472 ο.

484 524 565 563 disse
576 556 587 571 ,
613 527 646 559 &
657 523 800 559 Centum
821 522 966 567 captivos
978 551 988 566 ‚
1013 533 1086 557 cum
1110 522 1142 556 in
1156 522 1290 568 praelium
1304 523 1505 567 processurus
1518 535 1585 562 erat
1596 537 1651 562 ne-

492 573 588 614 casse,
599 573 674 621 quia
686 578 791 618 neque
801 568 900 605 fidere
911 571 1018 616 potuit
1031 572 1081 616 iis,
1092 581 1151 606 nec
1162 582 1218 607 eos
1231 570 1403 609 custodire.

487 667 549 697 rid.
569 663 770 696 Gennlemdib.
780 671 803 691 ι.
812 668 872 702 cap.
884 663 932 690 ι6.

540 771 589 805 13.
639 762 716 796 eAn
735 758 778 794 bis
801 758 895 806 captis
912 755 1095 805 parcendum
1109 761 1152 803 fit
1169 762 1184 792 ,Ρ

560 855 683 900 Igarius
694 852 844 889 &Caesare
855 861 966 897 captus
981 880 991 893 ,
1015 850 1230 888 dimittendus
1241 852 1336 889 fidem
1352 854 1463 901 dedit,
1489 855 1519 890 se
1544 854 1654 902 postea

489 859 558 942 L
572 911 687 937 contra
699 901 849 937 Caesarem
865 899 945 934 nihil
958 899 1148 936 moliturum
1185 901 1277 948 quod
1288 914 1361 938 cum
1375 914 1442 938 non
1455 902 1655 952 praestitisset,

492 955 525 988 ἃ
540 952 655 986 iterum
667 951 700 984 in
714 960 828 985 manus
852 947 978 983 Caesaris
1013 931 1189 984 devenisffct
1202 976 1211 989 ,
1237 960 1369 994 propter
1380 951 1657 997 ingratitudinem,

491 1002 527 1033 ἃ
539 996 704 1044 perfidiam
716 996 903 1031 interfeetus
912 995 959 1029 est
971 1023 980 1035 ‚
1006 997 1047 1028 Et
1058 996 1164 1037 plures
1176 999 1291 1028 iterum
1314 1006 1426 1040 captos
1450 996 1537 1032 idem
1559 1000 1658 1034 inter-

490 1046 583 1089 fecit,
596 1043 737 1079 stultitiae
752 1041 924 1088 deputam,
945 1039 1067 1075 servare
1078 1052 1134 1076 eos
1146 1068 1155 1082 ‚
1180 1043 1237 1088 qui
1252 1053 1320 1077 non
1332 1044 1426 1079 semel
1441 1043 1597 1080 adversati
1611 1049 1657 1082 es-

493 1094 572 1129 sent.
598 1089 771 1135 Caterum,
783 1092 827 1124 ait
839 1087 994 1128 Gentilis,
1018 1087 1082 1124 hoc
1093 1087 1248 1134 praecipue
1259 1089 1387 1126 obtinet
1399 1093 1430 1126 in
1444 1096 1659 1139 mercenariis,

495 1153 572 1176 nam
584 1149 621 1174 ut
631 1139 708 1173 civis
718 1139 771 1173 vel
783 1136 898 1173 millies
907 1147 1029 1181 captu5‚
1042 1136 1178 1182 asperius
1190 1139 1314 1173 traflari
1327 1139 1423 1184 poffit
1435 1170 1445 1185 ‚
1466 1142 1555 1176 nulla
1566 1143 1659 1177 causa

496 1187 544 1223 est
558 1206 568 1233 3
594 1188 713 1234 Neque
723 1187 808 1221 enim
819 1196 887 1219 non
900 1186 980 1219 tueri
993 1186 1127 1230 patriam
1140 1216 1151 1232 ‚
1171 1196 1225 1222 aut
1236 1188 1377 1233 Principi
1388 1187 1445 1224 suo
1457 1200 1524 1224 non
1536 1201 1658 1236 parere,

496 1235 665 1283 quisquam
677 1233 813 1281 obligari
825 1230 942 1278 potest.

494 1330 556 1359 Vid.
574 1329 721 1370 Gentilem,
737 1326 787 1358 ub.
801 1337 827 1357 a.
844 1334 901 1367 cap.
914 1329 959 1357 18.

547 1437 596 1471 13.
646 1424 841 1507 Alebfidgss
852 1425 886 1461 ob
897 1424 1042 1460 deliflum
1053 1434 1154 1460 eorum
1165 1421 1186 1458 a*
1197 1423 1306 1470 quibus
1318 1424 1385 1462 dati
1398 1425 1657 1472 sunt,interimere

719 1485 793 1509 166¹th
799 1500 805 1505 .

501 1566 578 1645 T
584 1568 702 1602 Hraces
723 1566 952 1602 interfecerunt
975 1564 1150 1613 aliquando
1163 1565 1300 1602 Obfides
1321 1566 1478 1604 ducentos
1498 1571 1658 1616 quinqua-

596 1616 697 1661 ginta,
709 1616 847 1651 Romani
860 1615 1006 1660 Voiscos‚
1030 1618 1200 1651 Auruncos
1214 1645 1224 1660 ,
1250 1624 1421 1650 trecentos:
1447 1620 1492 1651 At
1517 1617 1658 1661 Narseti,

596 1663 687 1698 bono
698 1664 782 1699 Duci
795 1673 886 1698 atrox
897 1664 994 1698 visum
1006 1661 1053 1697 est
1067 1693 1078 1707 ‚
1103 1662 1143 1697 de
1168 1665 1307 1698 innoxiis
1322 1663 1496 1699 Obsidibus
1511 1665 1657 1709 supplici-

500 1719 555 1742 um
568 1709 689 1746 sumere
701 1729 710 1756 3
738 1715 770 1746 &
782 1713 888 1757 Scipio
899 1710 1018 1755 aiebat,
1041 1714 1081 1744 Se
1092 1723 1160 1745 non
1172 1712 1204 1744 in
1215 1710 1351 1745 Obsides
1364 1711 1515 1745 innoxios
1525 1741 1536 1755 ‚
1560 1710 1611 1746 sed
1625 1713 1658 1746 in

499 1767 556 1790 eos
569 1761 624 1804 qui
639 1758 836 1804 defecissent,
849 1759 1037 1802 saeviturum,
1051 1769 1108 1792 nec
1119 1757 1158 1791 ab
1173 1759 1298 1802 inermi,
1310 1757 1360 1792 sed
1374 1757 1414 1792 ab
1425 1770 1549 1794 armato
1565 1758 1658 1793 hoste

503 1815 614 1848 poenas
624 1809 837 1851 expetiturum
851 1824 860 1851 3
886 1809 916 1842 Si
928 1817 1005 1840 vero
1019 1808 1074 1853 qui
1089 1804 1190 1840 obses
1202 1808 1302 1850 venit,
1312 1803 1370 1844 est,
1383 1816 1437 1842 aut
1450 1817 1524 1841 ante
1537 1807 1612 1851 fuit,
1624 1808 1658 1840 in

504 1862 640 1888 numero
655 1854 911 1900 delinquentium
926 1881 934 1894 ‚
961 1863 1016 1888 aut
1033 1851 1103 1898 post
1115 1852 1210 1888 fidem
1224 1852 1244 1887 ἐι
1254 1854 1284 1888 se
1299 1853 1404 1888 datam
1421 1882 1429 1894 ,
1454 1856 1486 1889 in
1500 1866 1532 1889 re
1543 1864 1659 1900 magna

502 1899 632 1942 fefellit,
645 1900 709 1936 fieri
723 1901 839 1948 potest,
853 1912 888 1936 ut
899 1901 1087 1946 supplicium
1100 1900 1217 1944 injuria
1228 1912 1330 1945 vacet;
1346 1902 1387 1936 ita
1399 1902 1550 1937 Grotius:
1565 1902 1659 1937 Gen-

505 1948 569 1982 tilis
580 1960 670 1993 vero,
681 1951 737 1994 ait,
748 1950 809 1985 Etr}
821 1949 901 1983 nihil
913 1957 1094 1993 peccarunt,
1107 1947 1225 1991 justum
1239 1947 1297 1992 est,
1313 1952 1346 1982 &
1358 1949 1488 1994 expedit
1502 1979 1512 1993 ‚
1537 1959 1573 1984 ut
1584 1948 1657 1984 Ob·

505 1994 583 2029 fides
597 1999 781 2042 puniantur,
794 1998 831 2031 fic
842 1999 941 2040 enim,
963 1996 1054 2031 Fides
1068 2007 1171 2030 rerum
1197 1997 1412 2041 pretiosiffima
1432 1996 1598 2041 asseritur,
1625 1999 1659 2030 &

506 2042 556 2086 jus
568 2044 685 2078 militiae
697 2044 952 2080 delicatiffimum
973 2043 1177 2078 conservatur
1188 2073 1198 2087 ‚
1222 2054 1413 2090 argumento
1426 2075 1434 2088 ,
1460 2044 1550 2090 quod
1564 2055 1658 2090 poena

505 2091 553 2126 est
564 2103 602 2126 ex
614 2093 858 2132 Conventione,
871 2095 901 2125 &
913 2101 992 2137 ergo
1008 2089 1099 2134 justa,
1111 2091 1213 2135 iic-uti,
1236 2092 1255 2125 fi
1270 2103 1309 2126 ex
1319 2093 1411 2137 culpa
1423 2095 1556 2130 venisset
1567 2122 1576 2136 ‚
1602 2100 1658 2126 aut

509 2150 652 2184 peccato:
667 2140 807 2175 Grotius
818 2141 872 2183 ait,
883 2141 925 2173 ita
938 2137 1124 2183 obtinuisse,
1133 2151 1205 2173 cum
1217 2140 1317 2184 vulgo
1328 2140 1521 2181 crederetur,
1544 2151 1657 2187 quem-

510 2190 618 2233 quein
628 2190 725 2222 vitam
738 2188 822 2228 suan]
835 2187 866 2221 id
880 2186 929 2230 jus
941 2186 1059 2221 habere
1071 2215 1080 2229 ‚
1102 2186 1195 2232 quod
1218 2187 1250 2220 in
1277 2199 1323 2221 res
1336 2189 1412 2222 alias
1423 2218 1432 2232 ‚
1458 2199 1554 2234 atque
1565 2186 1596 2222 id
1612 2187 1661 2231 jus

513 2235 664 2271 consensu
677 2238 775 2272 tacito
786 2264 796 2279 ‚
821 2244 877 2271 aut
889 2233 1032 2280 expresso
1045 2234 1218 2280 pervenisse
1244 2235 1284 2271 ad
1296 2236 1470 2272 Civitatem
1485 2249 1494 2269 ι
1520 2239 1564 2271 At
1576 2233 1664 2280 post-

1567 2294 1664 2329 quam
