1981 2750
845 404 1629 426 Μ

343 462 359 491 1
374 446 399 491 8
407 459 441 507 4
480 445 583 490 Pars
601 458 643 488 2.
779 436 843 480 De
853 431 1004 478 Iudicio
1017 434 1124 481 inter
1137 435 1295 481 Gentes.
1413 438 1550 485 Sedta
1565 456 1607 485 0.

497 551 620 596 caviffeg
632 562 673 585 ne
683 551 755 596 quis
766 549 808 590 se,
822 559 927 595 prater
939 551 1127 595 opinionem
1143 553 1238 587 armis
1251 549 1433 598 oppressum
1448 552 1555 598 fuisse,
1577 565 1657 588 con-

499 601 589 647 queri
602 597 714 644 poss'et.
739 598 824 632 Nam
838 597 921 631 binis
932 598 973 631 ad
988 599 1151 634 Eleftores
1163 600 1275 640 literis,
1298 602 1330 634 &
1345 601 1432 645 regni
1445 600 1658 639 suiConfilia-

500 648 562 686 rio,
576 645 617 680 ad
630 646 824 681 Gener-alem
838 645 928 690 ipsius
941 645 1034 680 misso
1048 673 1058 686 ,
1081 644 1197 691 diserte
1223 646 1372 682 testatum
1395 647 1489 682 fuisse
1500 677 1510 692 ‚
1546 649 1598 684 nisi
1621 649 1658 682 il-

501 695 564 728 lata
589 693 643 728 fibi
667 692 784 737 injuria
807 692 970 727 sarciretur
983 722 991 736 ‚
1017 691 1046 727 se
1069 692 1199 728 tandem
1215 694 1287 739 post
1300 693 1484 740 aequiffimas
1496 695 1563 730 suas
1581 707 1660 741 que-

500 741 592 780 relas,
605 740 698 774 aliam
715 742 809 784 viam,
834 739 874 783 se,
884 738 1036 785 suamque
1047 739 1238 786 dignitatem
1252 740 1388 786 tuendi,
1415 743 1581 779 initurum.
1606 745 1659 778 De

502 788 561 823 hac
572 800 647 823 vero
659 787 832 834 quastione
842 787 1054 830 jureconsulti
1067 789 1110 822 ita
1124 786 1267 823 statuunt
1284 816 1292 829 ,
1317 789 1403 823 Sicut
1415 790 1526 824 citatio
1538 791 1571 823 in
1584 789 1659 826 foro

502 836 598 875 civili,
613 837 656 869 ita
667 838 700 870 in
713 835 799 869 bello
813 834 1017 870 denuntiatio
1038 834 1214 881 aliquando
1225 847 1265 871 ex
1279 833 1365 879 justi
1375 834 1468 871 causti
1480 838 1587 871 omitti
1600 848 1660 882 po-

501 882 570 919 test.
596 885 733 929 utpote,
765 884 808 917 1⁰.
835 883 920 917 Cum
932 882 1096 928 suscipitur
1116 882 1238 918 bellum
1252 895 1291 919 ex
1316 883 1405 918 causa
1417 884 1591 918 necessariae
1605 884 1660 920 de·-

499 930 661 965 fenfionis.
688 933 729 966 2⁶.
755 931 842 963 Cum
856 929 903 964 his
915 929 1034 965 bellum
1049 929 1198 975 infertur,
1221 932 1278 977 qui
1291 930 1355 975 jam
1370 930 1477 968 hostes
1490 930 1657 968 habentur.

503 982 544 1022 3⁰.
572 979 660 1012 Cum
672 986 785 1012 contra
798 976 946 1017 rebeum,
956 980 988 1012 &
1002 976 1182 1012 defeflores
1194 990 1279 1012 arma
1292 978 1458 1012 sumuntur
1471 1007 1481 1022 ,
1498 980 1574 1025 quia
1586 989 1659 1014 cum

500 1025 564 1059 illis
576 1025 625 1069 jus
636 1025 780 1070 gentium
791 1035 858 1058 non
870 1023 1055 1057 observatur
1067 1041 1076 1067 ;
1102 1024 1145 1058 ita
1157 1024 1333 1068 Campanis
1344 1027 1376 1058 &
1388 1023 1594 1060 fidenatibus
1604 1025 1661 1061 de-

500 1072 677 1107 fectoribus
691 1099 699 1111 ,
720 1072 861 1107 Romani
875 1069 996 1107 bellum
1010 1080 1078 1105 non
1091 1068 1333 1106 denuntiarunt.
1363 1075 1406 1116 4⁰.
1432 1072 1585 1108 Foeciales
1597 1082 1662 1108 tra-

502 1119 598 1160 dunt,
609 1130 676 1154 non
688 1129 769 1163 opus
781 1117 844 1152 esse
856 1118 998 1152 amicitiae
1013 1119 1208 1163 renuntiare,
1236 1130 1309 1154 cum
1321 1119 1445 1166 Legatis
1458 1131 1505 1154 res
1516 1130 1662 1166 repeten-

501 1166 599 1210 tibus,
622 1179 661 1202 eae
673 1177 730 1201 nec
745 1164 872 1200 redditae
885 1165 956 1200 sunt
970 1195 981 1210 ‚
1004 1175 1063 1201 nec
1074 1165 1111 1202 lit
1123 1166 1215 1202 aliter
1225 1165 1440 1211 satisfactum
1465 1168 1615 1203 Similiter
1628 1180 1662 1204 a·

502 1214 569 1259 pud
581 1215 723 1249 Dionem
737 1244 746 1256 ,
772 1213 873 1248 Caesar
884 1211 1007 1248 disserit
1018 1241 1027 1254 ‚
1052 1213 1094 1249 ad
1109 1212 1306 1250 movendum
1331 1213 1497 1250 Ariovisto
1517 1214 1637 1250 bellum
1651 1245 1661 1257 ,

503 1262 620 1308 absque
631 1264 775 1305 Senatus,
787 1263 820 1295 &
835 1261 947 1306 populi
961 1260 1092 1297 decreto
1103 1278 1113 1306 ς
1141 1262 1212 1308 Qi
1226 1263 1270 1296 ait
1283 1289 1291 1302 ,
1311 1260 1514 1308 obstringere
1524 1261 1608 1297 bella
1618 1263 1661 1298 ad

501 1320 570 1356 quae
584 1311 684 1355 parari
697 1309 843 1344 homines
856 1306 989 1354 poffint,
1000 1311 1034 1342 &
1044 1309 1189 1354 querelae,
1203 1311 1235 1343 &
1248 1307 1444 1345 Indifiiones
1457 1310 1561 1355 praeire
1572 1339 1583 1353 ,
1607 1309 1661 1345 sed

504 1358 566 1391 alia
578 1358 702 1393 exorire
717 1385 726 1398 ,
751 1367 817 1402 quae
830 1366 985 1404 tanquam
1010 1354 1133 1400 jusserit
1148 1355 1310 1394 neceffitas
1335 1368 1403 1393 non
1414 1356 1548 1402 possunt
1556 1358 1589 1392 in
1599 1355 1661 1393 dis-

505 1406 723 1450 ceptationem
737 1402 865 1441 adduci,

504 1500 570 1533 Vni.
589 1502 670 1531 Arma
681 1500 836 1540 sueciamp,
850 1508 898 1537 54.
920 1498 1122 1540 §carneadia
1136 1510 1163 1534 ι.
1173 1509 1199 1530 c.
1208 1509 1236 1529 ε,

554 1608 582 1630 2.
632 1597 688 1630 An
697 1595 758 1642 post
768 1596 1045 1631 ‘Denuntiationcm
1054 1594 1167 1633 bellum
1179 1594 1280 1632 statim
1292 1607 1411 1632 movere
1421 1596 1531 1631 liceat?

508 1693 697 1775 PEtrinus
710 1689 816 1725 Bellus
827 1687 965 1736 ingenue
977 1689 1098 1726 fatetur
1111 1716 1121 1729 ,
1148 1689 1178 1724 se
1190 1688 1304 1725 nullibi
1317 1687 1417 1724 statos
1427 1687 1496 1723 dies
1505 1686 1663 1723 inferendi

513 1760 516 1763 ⁴
580 1740 655 1774 belli
667 1736 736 1783 post
751 1736 959 1774 indic‘iionem
971 1736 1171 1782 comperisse,
1196 1738 1252 1771 Ait
1271 1745 1377 1771 tamen
1390 1735 1526 1772 naturali
1538 1736 1663 1770 ratione

512 1799 638 1833 aequum
650 1786 724 1829 esse,
736 1795 772 1819 ut
782 1784 915 1830 aliquod
926 1785 1079 1834 temporis
1092 1783 1280 1829 intercedat,
1290 1793 1358 1830 quo
1369 1786 1441 1830 quis
1453 1783 1484 1818 se
1497 1783 1664 1828 praemuni-

511 1844 557 1879 at,
578 1837 610 1868 &
623 1832 797 1869 defensioni
813 1843 961 1878 praeparet
974 1861 983 1872 ,
1009 1831 1084 1866 alias
1095 1829 1163 1866 doli
1177 1831 1312 1866 accusari
1325 1829 1431 1876 potest
1445 1860 1455 1875 ‚
1478 1831 1535 1877 qui
1546 1828 1663 1865 eodem

506 1881 576 1916 fere
589 1889 756 1916 momento
769 1878 890 1914 bellum
902 1880 1028 1923 indicit,
1047 1880 1080 1912 &
1091 1877 1275 1924 aggreditur
1287 1905 1296 1919 ‚
1322 1879 1466 1925 quamvis
1479 1887 1623 1923 paratum
1634 1876 1664 1912 se

507 1928 651 1974 praestare
663 1936 806 1973 oportet,
829 1928 885 1973 qui
898 1926 953 1963 fibi
963 1926 1083 1961 bellum
1096 1925 1259 1961 indicendi
1272 1925 1393 1961 causam
1408 1924 1548 1970 praebuit.
1560 1925 1663 1959 Maxi-

505 1974 560 2011 ῐηὲ
574 1976 595 2011 si
604 1976 639 2011 iit
650 1975 739 2010 cansa
753 1985 872 2019 recem,
883 1973 995 2018 ardua,
1019 1976 1051 2007 &
1063 1972 1290 2008 inexcusabilis.
1315 1972 1459 2008 Gentilis
1470 1970 1580 2014 tradit,
1591 1969 1666 2006 Post

510 2022 665 2059 indifium
689 2021 811 2056 bellum
827 2049 837 2061 ‚
861 2022 1017 2066 expeflari
1032 2019 1137 2055 adhuc
1148 2019 1275 2057 solitum
1288 2018 1355 2055 dies
1366 2029 1428 2054 tres
1441 2050 1451 2064 ‚
1477 2021 1511 2053 &
1521 2020 1666 2064 triginta,

511 2080 683 2118 antequam
698 2078 870 2115 gereretur,
895 2071 935 2104 Et
948 2066 1088 2113 fortaffis
1112 2067 1204 2113 quod
1224 2067 1264 2102 de
1277 2066 1388 2102 triduo
1406 2067 1604 2102 mentionem
1616 2066 1664 2100 fa-

512 2120 569 2160 cit,
593 2119 751 2163 originem
763 2115 854 2151 duxit
866 2114 886 2151 ὲ
897 2113 1142 2151 Constitutione
1153 2115 1312 2161 Imperiali
1324 2144 1333 2158 ‚
1356 2125 1422 2160 quae
1433 2113 1569 2149 habetur
1579 2111 1666 2158 apud

513 2164 706 2200 Guidonem
730 2167 818 2209 Papae
828 2193 838 2207 ‚
869 2166 900 2198 &
917 2163 1000 2198 male
1010 2162 1107 2208 egisse
1115 2163 1242 2209 Cyrum
1255 2163 1300 2197 ait
1313 2192 1322 2206 ‚
1346 2163 1402 2208 qui
1416 2161 1571 2197 Armenio
1582 2161 1666 2206 Regi

511 2212 604 2247 simul
615 2211 722 2248 intulit
735 2214 766 2245 δι
778 2210 893 2246 indixit
904 2210 1037 2250 bellum,
1050 2213 1082 2244 &
1095 2211 1262 2245 Romanos
1273 2207 1368 2249 male,
1391 2211 1447 2256 qui
1457 2210 1588 2243 tertium
1600 2206 1667 2242 bel-

516 2260 582 2295 lum
594 2260 748 2297 Punicum
761 2288 771 2304 ,
796 2257 1130 2295 momentoindieium
1144 2287 1155 2302 ,
1183 2260 1216 2294 δι
1240 2257 1366 2293 illatum
1377 2255 1608 2310 ficgesserunt,
1633 2256 1667 2288 &

1560 2310 1669 2348 itaque
