1981 2750
399 442 503 489 Pars
519 459 558 490 2.
734 441 801 487 De
813 441 962 489 Iudicio
979 442 1086 489 inter
1100 442 1260 491 Gentes.
1355 445 1467 490 Ξεόὶ,
1473 457 1519 501 9.

400 601 454 633 An
469 599 638 632 securitate
650 594 740 631 eundi
752 599 851 630 alicui
860 595 946 638 data,
958 596 982 629 ιζ(
991 595 1075 641 poffit
1089 597 1184 630 alium
1196 598 1330 630 mittere?

432 693 493 725 Um
506 689 582 725 esset
595 689 749 724 Securitas
761 688 833 723 data
846 688 972 723 cuidam
984 689 1153 728 Marcello,
1173 686 1320 721 veniendi
1333 686 1372 720 ad
1383 686 1505 720 Civita-

443 749 506 772 tem
522 737 698 780 Astensern‚
712 747 784 770 cum
799 735 905 770 decem
917 737 1019 781 equiS,
1031 738 1063 769 &
1073 735 1165 770 rebus
1176 736 1256 777 aliis,
1266 734 1435 768 Marcellus
1448 732 1503 766 suo

441 786 517 820 loco
529 796 660 819 uxorem
676 784 767 827 milit,
778 782 864 818 unde
874 784 969 830 Equi,
983 785 1014 815 δι
1026 793 1074 817 res
1085 783 1332 826 aliaeinterceptae
1344 781 1422 816 sunt.
1435 780 1504 813 Bal-

353 831 412 866 dus
424 830 698 875 affirmat‚licuisse
711 832 739 865 ei
752 841 884 865 uxorem
900 831 1169 874 mittere‚propter
1180 829 1335 865 unitatem
1344 830 1504 873 vigentem

352 880 435 913 inter
447 879 651 923 conjugatos,
665 881 697 911 &
710 879 831 924 Equos,
844 879 877 911 δε
889 889 936 912 res
948 876 1022 911 alias
1035 876 1155 911 restitui
1169 874 1324 919 debuisse,
1348 876 1423 923 quia
1437 885 1504 907 ver-

355 925 403 960 bis
414 925 560 970 expressis
571 924 821 960 continebantur
841 926 873 958 in
895 924 1072 969 diplomate
1084 923 1280 958 Securitatis.
1304 922 1441 957 Grotius
1454 933 1465 953 i
1474 932 1507 954 e-

354 985 392 1007 ro
403 973 443 1007 de
454 973 512 1007 hac
521 970 706 1018 quastione,
719 974 753 1005 &
764 971 1023 1016 praecedentibus,
1036 973 1078 1005 ita
1091 969 1213 1015 statuit,
1223 971 1286 1006 Cui
1297 969 1384 1004 abire
1396 968 1506 1002 datum

353 1019 412 1063 est,
423 1032 489 1055 non
502 1019 612 1054 datum
625 1018 670 1053 est
684 1018 798 1062 redire,
808 1017 859 1053 sed
871 1029 929 1052 nec
940 1019 991 1052 cui
1002 1019 1108 1052 venire
1121 1016 1305 1052 concessum
1316 1015 1373 1059 est,
1397 1017 1422 1049 is
1436 1016 1509 1048 mit-

355 1076 422 1102 tere
435 1068 565 1112 poterit,
575 1066 648 1102 sunt
660 1066 746 1101 enirn
758 1065 818 1101 hac
832 1064 965 1108 diversa,
977 1076 1034 1099 nec
1045 1073 1133 1099 extra
1144 1063 1252 1107 verba,
1264 1064 1345 1097 ratio
1358 1063 1509 1107 expatiari

355 1116 464 1160 cogit:
492 1114 552 1149 Sed
564 1116 595 1148 &
607 1115 656 1148 cui
670 1114 776 1147 venire
795 1111 978 1157 permissum
1003 1111 1050 1147 est
1063 1141 1073 1156 ,
1098 1112 1122 1144 is
1134 1111 1230 1146 semel
1243 1110 1358 1153 veniet,
1370 1111 1507 1145 nouite-

354 1174 440 1205 narn,
455 1162 509 1196 nisi
522 1161 658 1205 adjec‘tio
672 1161 765 1195 aliam
779 1159 995 1204 conjecturam
1008 1158 1195 1204 suppeditet.

355 1255 418 1286 rid.
442 1256 577 1284 Petrinum
589 1254 688 1282 Bellum
705 1260 778 1293 pan.
791 1264 819 1291 9.
827 1254 875 1282 tii.
887 1261 953 1282 unu
976 1263 1022 1292 ¹3·
1050 1256 1086 1283 Et
1097 1255 1172 1285 DD,
1186 1251 1250 1284 ibid.
1272 1252 1389 1282 cratium
1402 1271 1409 1282 .
1429 1251 1510 1287 λψς.

394 1302 439 1335 cap
461 1305 505 1324 ιο.
531 1297 562 1327 §.
580 1296 612 1322 ι6
644 1294 788 1327 Gentilem,
807 1295 829 1321 1.
843 1302 872 1323 τ..
887 1301 909 1321 c.
927 1302 970 1326 ¹4·

406 1408 529 1438 'Utrum
542 1403 739 1436 Securitatem
752 1403 784 1435 in
791 1412 858 1446 pace
869 1400 972 1436 datam
986 1427 995 1440 ,
1013 1399 1084 1436 bello
1098 1410 1264 1437 erumpente
1276 1399 1392 1432 violare
1401 1400 1507 1433 liceat?

367 1495 506 1573 Cllrn
518 1496 640 1530 ratione
653 1493 851 1530 induciarum
864 1495 945 1528 inter
958 1493 1107 1529 caesarem
1124 1521 1132 1534 ‚
1158 1496 1191 1527 δι
1202 1492 1377 1528 Gallorum
1403 1501 1519 1537 regem-

456 1554 514 1587 pax
525 1544 657 1589 vigeret,
667 1541 798 1588 quidam
808 1541 1020 1576 Germanicus
1034 1544 1233 1586 Savorganus
1246 1569 1254 1583 ,
1276 1541 1372 1584 Regis
1383 1537 1509 1574 Galliass

456 1601 524 1623 rum
536 1590 624 1624 miles
636 1618 645 1632 ,
670 1589 756 1625 haud
767 1589 916 1635 ignobilis
928 1618 936 1632 ,
961 1589 1153 1633 impetravit,
1164 1585 1185 1622 ὲ,
1195 1586 1359 1622 francisco
1370 1585 1486 1623 Estenfi
1501 1616 1511 1630 ,

361 1634 550 1672 ferdinandi
573 1636 759 1680 Gonzaghae
784 1637 956 1680 Imperialis
977 1636 1076 1670 Ducis
1088 1633 1256 1670 substituto
1267 1663 1277 1678 ,
1301 1633 1419 1668 salvum
1431 1646 1510 1669 con—

362 1683 492 1717 dufium
504 1681 680 1717 divertendi
694 1682 733 1716 ad
745 1686 853 1728 Aquas
865 1682 1086 1716 Statiliensium
1099 1683 1131 1715 in
1141 1683 1267 1726 Liguria
1283 1711 1291 1725 ‚
1314 1681 1452 1715 sanitatis
1463 1694 1510 1716 re-

364 1729 545 1774 cuperandae
560 1728 733 1775 causa‚qu<')
747 1732 798 1762 vix
810 1729 977 1763 devenerat
992 1759 1001 1772 ,
1025 1741 1097 1763 cum
1111 1727 1200 1762 Galli
1214 1727 1280 1762 duo
1295 1727 1427 1771 praesidia
1443 1730 1510 1762 Cae-

363 1776 557 1811 sarianoruni
581 1776 757 1811 invaserunt
772 1803 779 1815 ‚
805 1774 940 1821 subit6q;
954 1775 1060 1809 exarsit
1075 1774 1193 1809 bellum
1209 1787 1217 1806 :
1243 1774 1405 1808 Diriidens
1415 1776 1512 1820 igitur

364 1823 575 1858 Germanicus
587 1823 670 1857 salvo
683 1822 854 1857 conductui
867 1821 1078 1856 revertebatur
1102 1820 1141 1854 ad
1166 1821 1235 1856 suos
1247 1851 1256 1864 ,
1281 1821 1450 1867 retentusq3
1464 1821 1510 1856 est

364 1870 475 1913 Hastae,
496 1881 550 1914 per
561 1870 754 1904 franciscum
767 1868 923 1905 Estensem
936 1868 1065 1903 Praesidii
1087 1866 1261 1912 praefectum
1276 1880 1284 1899 :
1311 1867 1414 1901 Causae
1437 1880 1508 1913 prae-

364 1916 588 1957 tendebantur,
601 1917 689 1962 Qua
702 1918 878 1951 Securitatis
890 1915 1049 1950 concessio
1060 1913 1264 1960 intelligenda
1277 1924 1355 1954 erat,
1370 1913 1462 1949 rebus
1474 1918 1507 1950 in

364 1964 477 1999 eodem
491 1963 572 1999 statu
584 1963 783 1998 manentibus
796 1991 804 2004 ,
825 1974 856 1997 at
870 1963 920 1997 hic
931 1963 1060 2008 sequuta
1073 1972 1137 1996 erat
1148 1963 1282 1995 maxima
1294 1972 1395 1995 rerum
1410 1973 1508 1996 nova-

364 2013 423 2054 tio,
435 2011 567 2051 facim&
581 2011 672 2056 culpa
684 2012 820 2044 militum
834 2011 932 2055 Regis
945 2010 1066 2044 Ganiae.
1095 2013 1248 2043 Intererat
1263 2009 1357 2043 etiarn
1369 2009 1507 2053 Caeraris,

364 2070 436 2092 eum
449 2055 582 2092 detineri
596 2087 605 2101 ,
629 2059 703 2103 quia
714 2056 812 2092 Hastae
824 2056 990 2103 praesidium
1002 2057 1261 2101 circumspexerat
1275 2085 1284 2099 ,
1309 2057 1340 2088 &
1353 2057 1505 2090 munitio-

365 2116 441 2139 num
454 2104 594 2139 defectus
606 2104 832 2138 observaverat.
859 2106 1000 2139 Petrinus
1014 2103 1117 2138 Bellus
1141 2112 1246 2136 tamen
1261 2130 1270 2142 ‚
1293 2102 1508 2142 Ferdinando,

366 2151 571 2186 &francisco
582 2151 726 2187 Ducibus
744 2151 855 2194 sufflt3
877 2151 983 2185 Fidem
1000 2150 1148 2194 Principis
1174 2161 1230 2183 nec
1253 2149 1507 2183 cavillationibus

365 2199 527 2244 obtegere,
538 2211 595 2232 nec
607 2199 798 2244 argumentis
809 2198 986 2233 subvertere
997 2198 1044 2238 fas
1058 2196 1121 2231 effe
1133 2215 1144 2241 3
1169 2199 1284 2241 Neque
1309 2195 1340 2230 id
1363 2195 1444 2231 ferre
1454 2196 1508 2231 de-

365 2257 474 2281 corum
486 2247 526 2288 ei,
538 2248 594 2292 qui
606 2248 636 2280 ἃ
649 2244 743 2281 fidem
754 2245 896 2290 dederat,
910 2248 940 2279 δι
953 2245 1156 2289 detentionis,
1176 2256 1212 2279 ac
1224 2242 1509 2324 liberationizesset

1381 2302 1413 2324 ar
1437 2300 1510 2329 item

1581 453 1668 499 159
