2033 2817
424 472 524 515 Pars
553 484 593 512 1.
799 468 863 512 ‘De
888 469 980 514 Iure
997 469 1096 514 inter
1112 467 1269 512 Gentes.

334 581 474 608 manum,
489 573 519 602 ὅ(
535 569 582 603 vel
596 570 699 614 paucis
713 570 826 603 virtute
837 569 1079 614 praecellentibus
1099 571 1153 616 qui
1174 571 1342 613 optimates
1361 569 1471 606 dicun-

333 625 381 650 tur
394 615 591 657 conceditur,
603 627 668 661 quae
680 616 792 660 species
803 617 924 661 imperii
946 615 1151 651 Aristocratia
1164 615 1340 659 dicitui‘;vel
1352 616 1390 650 ab
1402 620 1471 652 uni-

332 664 419 697 vertis
440 664 583 696 omnium
606 663 668 697 scil.
692 664 739 697 vel
759 663 889 706 majoris
901 665 994 707 partis
1027 662 1192 708 suffragiiS,
1213 674 1385 704 exercetur,
1406 677 1471 711 quae

331 710 442 754 species
453 711 658 745 Democratia
670 711 853 755 appellatur.
880 712 1030 757 Denique
1054 711 1220 755 principes,
1241 713 1273 743 δι
1295 712 1404 755 populi
1418 723 1471 756 pe-

330 768 383 791 nes
393 768 475 802 quos
486 755 531 791 est
544 758 721 801 imperium,
732 758 783 791 alii
796 757 942 802 majores,
966 761 997 791 &
1011 758 1206 802 potentiores
1226 757 1307 801 sunt,
1331 768 1471 802 quorum

328 805 421 848 copiae
433 804 524 838 latius
536 803 769 848 diffunduntur,
780 805 842 838 aliz
852 806 1001 850 minores,
1026 808 1058 838 ὅ(
1080 803 1300 839 imbecilliores
1311 816 1470 850 ‚quorum

328 851 406 885 vires
418 850 654 896 angustioribus
665 849 779 885 finibus
791 851 1006 886 includuntur.

373 897 531 941 Secundo,
551 896 649 932 status
676 898 723 932 vel
746 897 891 933 conditio
916 900 1106 943 Principum,
1131 898 1178 933 vel
1190 898 1383 943 populorum
1396 912 1470 936 cum

327 945 393 979 aliis
405 945 436 978 in
450 956 535 989 pace,
544 943 590 979 est
611 956 648 978 ex
658 956 719 990 qua
733 947 836 980 Amici
856 955 911 980 aut
923 947 1005 981 Socii
1029 944 1192 980 habentur.
1218 947 1303 981 Nam
1316 947 1468 992 quemad—

327 991 459 1027 modum
486 991 526 1026 de
547 992 673 1035 privatis
704 991 801 1026 tradit
824 992 1059 1035 Iure-consultus
1073 1022 1082 1037 ,
1103 989 1238 1027 'Amicos
1248 991 1312 1028 ess‘e
1323 1024 1332 1037 ,
1356 996 1469 1039 accipi-

325 1038 437 1083 endos,
449 1037 631 1084 quibuscum
644 1040 713 1072 sunt
736 1038 802 1081 jura
818 1038 958 1073 honestis
971 1039 1194 1074 familiaritatis
1205 1040 1380 1075 rationibus
1387 1053 1466 1087 quae-

324 1086 389 1130 fita,
400 1087 442 1120 ita
454 1087 535 1120 inter
546 1083 682 1119 diversos
694 1086 862 1130 Principes,
889 1086 936 1120 vel
947 1086 1085 1131 Populos
1097 1087 1220 1121 ratione
1237 1086 1377 1131 ejusdem
1389 1091 1464 1123 Ori-

324 1134 417 1178 ginis,
427 1133 606 1167 Vicinitatis
627 1133 794 1177 regionum
805 1162 815 1177 ,
839 1134 1017 1167 communis
1029 1133 1150 1178 linguae,
1173 1132 1392 1169 benefaciendi
1410 1135 1466 1170 sibi

323 1181 456 1214 invicem
472 1180 732 1224 opportunitatiS,
748 1182 779 1212 δι
792 1180 948 1224 fimilium,
972 1191 1044 1214 curn
1059 1181 1126 1214 aliis
1137 1209 1148 1224 ,
1172 1192 1228 1224 prae
1243 1181 1310 1215 aliis
1329 1180 1464 1217 familia-

323 1238 386 1261 rius
397 1225 599 1272 agitur,unde
610 1237 649 1259 ex
662 1225 797 1260 amicitia
809 1228 962 1271 competit
978 1226 1027 1270 jus
1037 1227 1187 1271 Hospitii,
1212 1231 1243 1262 &
1256 1229 1463 1273 Commercii;

323 1275 365 1308 ita
377 1275 571 1318 Pomponius
580 1273 815 1316 Jureconsultus
839 1275 893 1317 ait,
916 1273 1039 1309 Gentes
1059 1272 1122 1309 effe
1140 1285 1213 1309 curn
1225 1275 1340 1321 quibus
1351 1289 1454 1322 neque

322 1322 516 1365 Amicitiam,
529 1331 633 1366 neque
644 1320 824 1365 Hospitium
849 1320 1012 1365 habemus,
1038 1324 1070 1355 δι
1093 1321 1243 1357 solebant
1256 1324 1394 1359 Romani
1407 1323 1463 1356 ali-

322 1380 404 1415 quos
415 1380 473 1414 pro
485 1367 638 1403 beneficio
649 1367 786 1412 hospitio
799 1367 930 1414 donare,
954 1371 997 1404 ita
1007 1381 1078 1405 cum
1089 1370 1196 1416 Legati
1206 1381 1317 1405 eorum
1330 1372 1385 1416 qui
1394 1381 1461 1405 cra-

321 1427 420 1450 terem
431 1427 560 1451 aureum
572 1415 693 1450 donum
708 1416 851 1462 Apollini
864 1416 1011 1463 Delphos
1021 1416 1176 1462 ferebant,
1196 1416 1217 1452 a.
1241 1417 1347 1462 piratis
1366 1418 1460 1452 inter-

322 1465 404 1508 cepti
426 1464 550 1509 Liparas
562 1462 682 1498 deveeli
694 1464 860 1507 essent‚ubi
873 1475 993 1508 partam
1006 1463 1137 1508 praedam
1147 1463 1286 1499 dividere
1302 1475 1371 1498 mos
1385 1475 1463 1509 erat,

323 1513 354 1543 &
365 1509 571 1545 Timasitheus
581 1511 635 1556 qui
647 1521 686 1544 eo
698 1522 783 1544 anno
794 1512 826 1543 in
837 1510 960 1545 summo
981 1508 1164 1555 magistratu
1184 1520 1261 1555 erat,
1284 1512 1416 1557 Legatos
1427 1514 1461 1545 in

322 1556 481 1602 publicum
494 1556 663 1602 hospitium
673 1555 839 1600 addudlos,
850 1569 922 1591 cum
934 1557 1067 1601 praesidio
1081 1558 1207 1591 navium
1218 1556 1364 1602 Delphos
1389 1569 1463 1602 pro-

321 1606 481 1649 sequutus,
493 1604 626 1639 domum
639 1603 712 1637 inde
722 1603 846 1648 sospites
858 1603 1053 1639 restituisset.
1079 1603 1259 1647 Hospitium
1282 1616 1354 1638 cum
1367 1616 1407 1638 eo
1422 1616 1459 1638 ex

322 1649 596 1687 Senatusconsulto
608 1651 726 1685 fafium
743 1649 800 1693 est,
825 1650 976 1696 donaque
986 1652 1013 1685 ei
1034 1649 1156 1696 publice
1177 1649 1261 1685 data.
1287 1650 1338 1685 Ad
1358 1652 1458 1685 Com-

322 1699 470 1734 mercium
478 1699 592 1742 spectat
602 1697 690 1743 quod
704 1701 789 1732 Arco
803 1698 834 1731 in
845 1698 994 1732 Concilio
1019 1697 1211 1742 AEtolorurn‚
1233 1709 1290 1743 pto
1306 1698 1458 1733 Amicitia

321 1758 394 1781 curn
405 1745 520 1781 Perseo
531 1743 723 1780 Macedoniae
736 1754 807 1789 rege
822 1743 966 1778 habenda
980 1743 1134 1788 disseruit,
1155 1746 1459 1790 Opportuni,inquit

323 1794 436 1838 propin
445 1793 566 1838 quitate
576 1790 768 1826 Macedoniae
780 1791 886 1826 sumus
899 1792 1138 1826 Commercium
1154 1790 1230 1834 juris
1241 1791 1457 1836 praebendise-

324 1838 517 1885 petendique
527 1840 583 1883 fit,
606 1849 645 1872 ne
666 1835 888 1872 interdictione
908 1837 1018 1872 finium
1032 1837 1227 1883 nostrorum,
1251 1850 1309 1873 nos
1329 1850 1461 1885 quoque

324 1896 435 1932 regno,
448 1886 479 1920 id
492 1885 538 1920 est
549 1884 736 1919 Macedonia
749 1895 918 1919 arceamus.
957 1885 1062 1931 Qod
1078 1888 1110 1919 &
1131 1885 1238 1921 fuifius
1256 1885 1399 1921 Bodinus
1411 1897 1463 1920 ex-

325 1935 432 1978 plicat,
443 1943 477 1967 ut
492 1933 593 1974 liceat,
606 1932 636 1965 in
649 1932 787 1966 aliorum
799 1930 874 1965 fines
885 1933 940 1976 ire,
952 1942 1055 1977 agere,
1068 1934 1234 1978 negotiari,
1256 1945 1302 1967 res
1314 1932 1464 1968 rationes-

324 1991 387 2024 que
400 1980 599 2021 contrahere,
624 1983 653 2013 &
669 1978 796 2013 liberam
810 1982 1017 2013 mercaturam
1040 1980 1238 2025 quarundam
1261 1992 1362 2014 rerum
1377 2009 1387 2023 ,
1409 1989 1463 2013 aut

325 2028 470 2060 omnium
482 2026 567 2060 ultro
577 2027 722 2071 citroque
733 2036 883 2059 exercere.
909 2027 1006 2070 Cum,
1018 2036 1063 2060 uti
1074 2027 1224 2061 Proculus
1235 2028 1289 2070 ait,
1303 2028 1365 2061 Alii
1377 2025 1462 2068 apud

326 2084 385 2106 nos
398 2072 572 2108 libertatern
586 2074 681 2116 suam,
706 2082 799 2118 atque
810 2073 1000 2107 Dominium
1013 2084 1115 2107 rerum
1127 2073 1262 2116 suarum,
1272 2071 1354 2119 aeque
1366 2082 1460 2118 atque

327 2119 407 2164 apud
423 2120 451 2153 se
462 2121 628 2162 retineant,
653 2122 686 2152 δι
696 2126 805 2153 eadem
828 2117 920 2153 nobis
939 2119 1021 2163 apud
1036 2131 1091 2153 eos
1103 2120 1299 2165 contingant.

375 2177 388 2208 5
415 2166 554 2209 Deinde,
563 2167 637 2200 ficut
647 2166 727 2199 inter
739 2166 887 2209 privatos,
900 2166 998 2200 veluti
1011 2167 1091 2200 inter
1103 2166 1241 2209 ejusdem
1253 2166 1375 2200 familiae
1386 2176 1461 2199 con-

326 2212 433 2255 sortes,
448 2215 479 2245 δι
491 2211 674 2255 cohaeredes,
686 2211 815 2245 societas
826 2211 1009 2255 liabetur,ex
1019 2223 1081 2258 qua
1091 2214 1181 2247 Lucri
1195 2216 1227 2246 δι
1245 2214 1363 2247 Damni
1375 2224 1462 2246 com-

327 2271 430 2295 mums
443 2260 606 2304 participes
616 2257 655 2293 ad
666 2258 695 2294 se
706 2258 837 2293 invicem
849 2258 1021 2302 juvandum
1035 2259 1105 2295 sunt
1115 2258 1241 2304 astricti,
1253 2261 1305 2294 ita:
1321 2261 1401 2293 inter
1413 2259 1460 2339 sfi-

1359 2317 1410 2341 ver
1423 2317 1459 2340 os

1578 487 1605 534 ς

1538 550 1691 559 -ι
