1981 2750
339 455 399 517 78

495 455 599 501 Pars
613 471 655 501 2.
725 453 789 497 De
807 449 951 497 Iudicio
965 455 1072 494 inter
1089 447 1255 496 Gentes.
1389 451 1549 511 δεῖξις.

461 528 1620 541 ψ--ῤ--ῳ--ῇ-

476 559 584 592 Latine
594 555 729 601 editum,
739 560 769 590 &
782 556 868 599 Julio
879 551 1016 590 secundo
1029 550 1188 586 Pontificis
1199 550 1338 586 dicatum
1349 561 1464 587 extare.
1490 556 1552 591 Alii
1564 560 1618 602 qui

477 617 541 640 rem
554 606 697 640 solertius
710 603 913 649 indagarunt,
925 600 1091 635 observant
1124 599 1207 633 illius
1219 600 1371 643 temporis
1384 599 1548 645 scriptores
1560 605 1619 639 Ee-

476 650 670 695 clefiasticos,
688 650 866 693 Eusebium,
888 651 1136 692 Hieronymum,
1157 646 1298 680 Basilium
1322 649 1353 680 δι
1376 644 1470 689 hujus
1488 649 1620 697 famigc.

476 702 532 735 rati
545 699 745 735 monumenti
757 697 877 731 nullam
890 695 1085 730 mentionem
1108 693 1219 727 facere.
1255 693 1424 736 platinam,
1445 698 1499 740 qui
1510 700 1619 734 omnia

472 744 693 790 instrumenta,
705 744 744 780 ad
755 743 872 779 statum
887 741 1023 778 Ecclesiae
1036 741 1066 774 in
1085 739 1314 786 temporalibus
1337 741 1524 785 pertinentia
1552 746 1619 780 col-

473 793 562 838 legit,
575 792 653 828 nihil
666 789 848 836 hujusmodi
864 789 1033 831 recordari,
1044 785 1294 823 Constantinum
1308 788 1509 837 Religionem
1524 792 1619 827 Chri—

475 839 607 874 stianam
620 849 693 875 ante
703 837 850 885 Sylvestri
863 835 1083 872 Pontificatum
1094 835 1271 880 amplexum
1285 834 1435 879 fuisse‚1ta
1446 840 1525 882 Papa
1539 840 1620 875 Mel-

475 886 603 921 chiades
615 886 711 923 refert
728 915 736 930 ‚
757 896 896 930 eumque
915 883 955 918 ab
976 881 1134 927 Episcopo
1154 881 1394 917 Nicomedienfi
1424 885 1456 917 in
1476 885 1619 928 Jordano

476 932 684 979 baptizatum,
697 942 733 967 ut
744 933 795 966 alii
807 930 983 978 perhibent,
997 929 1072 972 Ejus
1084 928 1166 964 filios
1179 937 1242 963 tam
1256 930 1287 962 in
1298 929 1511 975 Occidentali,
1523 943 1619 978 quam

476 981 510 1015 in
530 981 689 1016 Orientali
710 981 844 1024 imperio
866 977 1046 1016 succeffisse,
1068 976 1211 1021 aliosque
1237 980 1445 1020 Imperatores
1468 980 1619 1022 Romam,

475 1030 675 1068 Ravennam,
685 1026 820 1071 aliasque
829 1025 923 1060 Italia
936 1023 1125 1062 Provincias,
1136 1032 1311 1057 tercentum
1324 1035 1435 1069 annos,
1447 1026 1518 1071 post
1529 1030 1619 1063 Con..

475 1073 661 1118 stantinurn,
682 1071 893 1120 (quodetiam
914 1083 951 1105 ex
968 1069 1156 1106 Pontificum
1169 1070 1321 1115 rescriptis
1334 1072 1450 1118 liquet)
1472 1075 1620 1118 possedis-

478 1120 606 1167 se‚quod
618 1130 711 1166 caput
724 1121 756 1154 in
767 1122 925 1163 Decretis,
935 1119 980 1152 uti
1006 1116 1135 1153 testatur
1154 1119 1339 1154 Antoninus
1358 1118 1621 1168 Archie'piscopus

479 1168 692 1205 florentinus,
706 1169 738 1201 in
758 1163 1004 1212 antiquioribuS,
1021 1166 1236 1201 Decretorum
1259 1164 1357 1199 Libris
1380 1178 1538 1211 repertum
1553 1181 1620 1205 non

477 1215 524 1259 sit,
534 1227 592 1249 nec
604 1227 620 1248 a
631 1214 792 1249 Gratiano
813 1215 973 1252 insertum,
995 1211 1046 1246 sed
1058 1210 1097 1246 ab
1119 1211 1182 1245 alio
1194 1213 1248 1257 qui
1269 1222 1305 1246 ut
1325 1214 1424 1247 multa
1436 1214 1508 1260 alia,
1531 1217 1573 1250 ita
1586 1221 1619 1252 δε

479 1262 541 1297 hoc
554 1262 639 1308 quasi
660 1264 782 1296 incertae
794 1260 866 1296 fidei
887 1258 942 1294 sub
955 1260 1123 1292 notatione
1136 1258 1230 1292 Palea:
1251 1256 1431 1304 defignavit.
1458 1261 1620 1299 Credibile

476 1307 712 1353 Canonistas,&
725 1307 862 1353 Legistas
876 1304 1033 1349 Italos‚0b'
1046 1306 1248 1339 reverentiam
1264 1304 1436 1351 Dignitatis
1450 1309 1618 1346 Pontifitiae

477 1354 646 1390 favorabili
658 1356 769 1398 errori,
783 1352 903 1400 aliquid
926 1352 1093 1396 indulsisse,
1113 1353 1280 1397 Exemplar
1294 1364 1427 1398 graecum
1449 1358 1573 1391 Picerus
1587 1360 1619 1394 in

475 1404 621 1437 vaticano
633 1401 786 1447 nusquam
799 1411 917 1445 extare,
929 1400 1035 1434 multis
1046 1407 1244 1444 compertum
1258 1400 1331 1435 esse.
1356 1403 1505 1448 Denique
1515 1405 1620 1441 Nico-

476 1451 544 1485 laus
555 1448 595 1484 de
605 1448 689 1483 Cusa
700 1447 892 1492 (Indimus,
917 1450 948 1480 ὃ(
961 1449 1030 1482 Pius
1052 1446 1197 1481 Pontifex
1221 1447 1302 1482 hanc
1325 1448 1536 1484 donationem
1547 1457 1618 1488 tan-

475 1507 572 1543 quam
585 1506 800 1530 commentum
811 1495 974 1541 egregium
995 1493 1216 1534 confutarunt,
1229 1498 1261 1528 δε
1273 1497 1457 1531 Laurentius
1467 1497 1618 1539 vallaJ’a.

473 1544 580 1578 tritius
588 1545 766 1586 Romanus,
778 1545 810 1576 &
822 1540 1014 1585 Pontificius,
1024 1539 1272 1576 Constantinum
1284 1554 1340 1577 nec
1352 1542 1534 1587 hujusmodi
1546 1548 1619 1582 Do.

477 1591 639 1626 nationem
651 1589 768 1632 fecisse,
780 1601 836 1623 nec
849 1589 952 1625 facete
964 1588 1110 1634 potuisse,
1124 1599 1180 1622 nec
1192 1588 1359 1625 Pontifices
1370 1592 1550 1638 Romanos,
1571 1594 1619 1638 jus

477 1636 609 1684 aliquod
620 1648 657 1672 ex
670 1649 707 1673 ea
721 1637 900 1682 percepisse,
912 1637 1019 1670 multis
1030 1637 1238 1681 argumentis,
1258 1637 1398 1682 copiosa,
1419 1642 1451 1673 δι
1472 1638 1616 1687 Eleganti

480 1687 629 1720 oratione
642 1683 794 1719 diss'eruitv

471 1778 535 1845 Vide:
554 1779 608 1844 εἶσι
617 1781 759 1806 Βοηαιῐοηε
770 1778 834 1816 Cap.
853 1775 1046 1815 constantinum
1055 1776 1180 1814 Destinet
1198 1778 1354 1817 canonistas
1371 1783 1407 1812 (φ
1424 1781 1537 1819 [egistus
1551 1783 1620 1823 apud

537 1823 562 1845 a!
581 1826 594 1845 a
609 1825 693 1845 anum.

478 1903 614 1940 Barthol.
626 1908 794 1938 ‘Pacernum
804 1904 838 1937 de
851 1905 1019 1950 Privilegio
1029 1900 1217 1948 Constantini
1224 1903 1343 1950 Contra
1355 1909 1518 1940 ‘Ultricum
1534 1910 1618 1941 Hur-

525 1963 638 1991 tenum,
652 1950 749 1993 Epzst.
761 1950 801 1984 ad
809 1951 936 1984 Leonem
946 1953 1077 1984 Decium
1090 1951 1205 1983 Hieron
1224 1964 1307 1986 mam
1320 1956 1350 1985 C
1350 1952 1538 1997 athalanum³
1550 1957 1617 1988 Ni·

523 2000 640 2032 calaum
651 1997 686 2030 a'e
697 1996 791 2041 Cusa,
797 1998 994 2031 Laurentium
1014 1999 1127 2031 vallam
1136 1997 1170 2031 de
1223 2001 1354 2032 onatione
1364 2002 1394 2032 C
1396 2000 1561 2044 onstantim'.

478 2102 510 2134 9.
537 2095 658 2126 'Utrum
671 2091 779 2135 Jusad
796 2091 943 2125 Indorum
961 2096 1089 2139 regiones
1100 2090 1233 2138 Hispano
1244 2093 1306 2134 soli
1315 2101 1471 2137 competat?

480 2188 619 2266 Cum
633 2187 810 2240 franciscrtf
822 2186 952 2219 ‘Dracus
972 2195 1058 2237 anno
1070 2193 1164 2226 1580<
1191 2184 1280 2220 Orbe
1291 2189 1571 2240 circumnavigaw,
1583 2191 1615 2241 in

556 2233 707 2278 Angliam
718 2231 784 2268 redi
786 2233 871 2277 Jsset‚
882 2232 1093 2269 Bernardinus
1111 2231 1273 2270 Mendoza
1295 2231 1424 2276 Hlspam
1445 2235 1616 2329 ιηιέἑὲἓὲιςα

1603 2310 1615 2326 ²
