1981 2750
386 441 490 484 Pars
513 454 550 482 2.
728 437 793 481 De
806 438 953 482 Iudicio
968 438 1072 484 inter
1089 440 1250 486 Gentes.
1341 442 1503 499 §eir-9.

340 548 468 581 captum
483 537 617 570 durante
627 535 729 571 bello?
755 538 805 569 An
819 534 935 569 restitui
961 535 1101 579 deberet,
1113 538 1186 582 quia
1199 536 1323 581 captum
1337 549 1407 572 cum
1421 537 1486 573 bel-

339 583 404 617 lum
418 596 470 628 per
483 583 623 617 inducias
634 582 883 627 suspenderetur?
911 582 1015 633 Qod
1039 585 1163 617 retineri
1188 586 1292 627 potuit
1307 583 1483 627 videbatur,

341 631 440 676 Qua,
452 630 502 664 Ab
516 642 555 664 eo
568 629 631 669 die,
645 629 678 663 id
689 628 746 669 est,
768 628 838 673 post
853 628 935 663 diem
949 629 1070 663 finitum
1086 629 1203 664 bellum
1216 630 1459 674 suspendebatur
1476 647 1481 663 :

336 677 459 710 Contra
473 676 591 710 restitui
607 675 731 715 debere,
742 676 817 721 quia
829 675 933 718 verba,
959 674 1009 710 Ab
1021 687 1060 711 eo
1074 676 1124 711 die
1135 677 1421 721 (utiJurisconsulti
1438 678 1481 712 as-

335 723 457 767 serunt)
485 722 612 767 possunt
627 723 760 767 intelligi
774 721 814 755 ab
825 733 864 755 eo
875 721 925 756 die
938 721 1089 757 inchoato
1102 752 1111 766 ,
1140 726 1181 758 ita
1201 733 1237 757 ut
1258 733 1344 758 totus
1356 724 1420 758 dies
1434 727 1480 760 in-

333 768 490 809 cludatur,
505 768 658 815 quodque
671 771 701 803 in
717 768 965 812 favorabilibus,
990 769 1184 813 <cujusmodi
1207 768 1277 803 sunt
1291 770 1420 806 effeetus
1431 773 1478 805 in-

335 815 511 856 duriatum,
521 816 650 850 cessatio
663 816 726 850 scil.
740 815 778 849 ab
790 818 896 857 armis,
908 818 939 849 &
953 819 1088 851 retentio
1101 815 1315 861 possessionis)
1337 816 1398 854 haec
1413 819 1477 863 ple-

333 863 404 896 nior
415 863 631 906 interpretatio
645 861 841 897 admittenda
854 861 908 896 est.
936 864 1078 897 Petrinus
1090 864 1193 898 Bellus
1207 864 1323 898 censuit
1337 892 1345 903 ‚
1370 863 1391 899 εὶ
1403 867 1476 899 Μο-

332 920 441 943 mento
453 908 514 944 esse
525 909 776 953 computandum
792 937 801 949 ,
829 910 916 954 Qia
929 919 963 943 ut
980 911 1124 955 iniquum
1135 909 1181 945 est
1194 940 1204 952 ‚
1228 910 1318 956 quod
1333 912 1476 956 perfefiis

331 956 477 999 induciis,
503 955 612 989 bellica
628 957 822 999 traetentur5
846 957 888 989 ita
900 954 1066 995 absonum,
1079 968 1144 990 non
1158 957 1250 991 licere
1261 958 1381 996 facere,
1406 969 1475 1003 quae

334 1001 372 1036 ad
385 1001 502 1036 bellum
515 1004 683 1046 pertinent,
703 1001 807 1036 donec
827 1000 957 1036 induciae
983 1002 1225 1038 concludantur.
1275 1003 1413 1038 Grotius
1433 1004 1474 1040 de

333 1058 476 1093 ternpore
495 1060 562 1094 quo
573 1047 709 1083 Inducta.
727 1049 913 1082 terminetur
926 1074 935 1087 ,
956 1051 1000 1082 ita
1012 1046 1129 1083 statuit.
1178 1051 1317 1094 Tempus
1342 1049 1476 1086 indutiis

334 1094 481 1139 praescribi
495 1097 573 1130 solet
588 1123 595 1134 ‚
620 1104 673 1129 aut
687 1096 874 1130 continuum
888 1125 897 1139 ,
923 1104 957 1129 ut
969 1095 1000 1127 in
1013 1104 1138 1130 centum
1161 1094 1226 1131 dies
1240 1125 1248 1140 ‚
1273 1107 1326 1131 aut
1337 1109 1409 1132 cum
1421 1097 1476 1132 de-

331 1142 504 1187 signatione
515 1142 637 1176 termini
654 1170 662 1182 ‚
689 1142 782 1175 veluti
808 1141 906 1188 usque
915 1141 955 1175 ad
968 1141 1127 1176 Calendas
1140 1144 1291 1177 Martias:
1319 1148 1356 1178 In
1376 1145 1474 1188 priori

331 1189 401 1222 casu
424 1188 463 1222 ad
484 1198 646 1224 momenta
670 1197 850 1233 temporum
875 1187 1017 1222 facienda
1030 1188 1076 1222 est
1099 1191 1301 1225 numeratio:
1328 1189 1364 1224 Id
1389 1192 1474 1227 enim

331 1245 447 1269 natura
477 1236 626 1269 convenit
648 1248 656 1268 ι
693 1236 777 1269 Nam
800 1246 866 1281 quae
888 1233 922 1269 fit
948 1234 987 1269 ad
1011 1234 1132 1269 Civiles
1156 1235 1221 1271 dies
1245 1238 1445 1281 computatio
1461 1266 1470 1277 ,

330 1292 368 1316 ex
380 1280 513 1327 Legibus
528 1310 535 1322 ,
560 1291 621 1316 aut.
640 1282 782 1316 moribus
808 1282 1000 1326 populorum
1026 1283 1121 1315 venit.
1171 1287 1206 1318 ln
1231 1284 1331 1318 altero
1355 1294 1471 1331 genere

330 1327 469 1363 dubitari
494 1328 593 1372 solet,
617 1330 731 1363 Utrum
757 1329 856 1367 Dies,
881 1338 936 1362 aut
959 1329 1072 1362 Menfis
1096 1328 1137 1362 ad
1160 1341 1256 1376 quem
1280 1329 1471 1365 diflum'est

332 1375 494 1409 duraturas
516 1374 656 1410 inducias
668 1405 677 1419 ‚
702 1374 942 1420 comprehensus
955 1376 1150 1420 intelligatur
1162 1405 1173 1421 ,
1199 1379 1231 1410 δι
1243 1375 1369 1412 videtur
1379 1389 1468 1412 com-

329 1420 503 1468 prehendi3
528 1424 569 1456 Ut
581 1424 609 1456 Si
620 1424 690 1468 quis
701 1421 834 1461 dixerit,
860 1431 894 1456 ut
905 1422 986 1456 intra
1010 1420 1095 1456 diem
1120 1425 1232 1457 mortis
1256 1422 1324 1466 ejus
1346 1423 1467 1470 aliquid

327 1467 414 1503 fieret
429 1496 438 1508 ,
463 1468 524 1512 ipse
543 1479 675 1514 quoque
687 1468 773 1511 dies,
796 1469 828 1501 in
853 1479 919 1513 quo
943 1469 1014 1513 quis
1037 1478 1182 1504 mortuus
1194 1469 1241 1504 est
1265 1480 1468 1505 numeretur:

327 1519 375 1550 Ita
388 1516 540 1559 Spurinna
554 1514 852 1559 Caesaripraedixerat
877 1515 1050 1559 periculum
1065 1544 1075 1559 ‚
1098 1515 1188 1560 quod
1208 1528 1276 1551 non
1300 1517 1382 1551 ultra
1393 1516 1468 1551 Idus

326 1562 456 1597 Martias
481 1561 693 1605 proferretur,
720 1564 752 1595 &
776 1561 991 1606 interpellatus
1003 1561 1069 1606 ipsis
1095 1561 1224 1607 Idibus,
1249 1562 1328 1597 dixit
1351 1562 1469 1599 venisse

327 1607 455 1653 quidem
469 1636 479 1651 ‚
504 1607 553 1642 sed
566 1618 632 1642 non
645 1607 836 1652 praeteriisse:
864 1608 945 1654 Qae
958 1610 1191 1652 Interpretatio‚
1213 1611 1336 1656 inquit,
1360 1610 1466 1644 multo

328 1655 427 1700 magis
439 1653 586 1688 sumenda
597 1653 662 1697 est,
689 1653 740 1688 ubi
755 1656 906 1699 temporis
917 1654 1084 1698 produffio
1099 1654 1241 1691 favorem
1263 1658 1294 1691 in
1307 1656 1337 1691 se
1358 1655 1465 1700 habet,

328 1710 440 1745 utpote
453 1701 483 1733 in
496 1699 631 1735 1nduciis
645 1711 710 1745 quae
722 1700 864 1735 humano
874 1702 982 1745 generi
995 1710 1136 1745 parcunt.

326 1793 389 1824 Vri.
407 1794 540 1822 Petrinum
565 1792 662 1820 Bellum
675 1811 684 1826 ‚
699 1798 767 1830 part.
789 1802 815 1825 ς,
835 1795 878 1821 tir.
905 1802 930 1828 3.
956 1801 998 1822 nu.
1024 1793 1070 1821 16.
1091 1793 1212 1831 §retium
1225 1814 1233 1828 ,
1254 1795 1339 1832 “bd-
1356 1802 1465 1833 cap-u.

365 1836 382 1864 ‘³
421 1845 443 1867 ς.
466 1829 698 1870 §enttlemdrlmn
716 1839 762 1869 cap
786 1839 830 1860 ιι.

1571 447 1651 490 161
