1981 2750
367 437 430 483 80
498 438 600 483 Pars
618 451 661 478 2.
791 430 860 472 De
874 426 1019 471 Iudicio
1036 426 1140 470 inter
1155 426 1314 469 Gentes.
1429 426 1571 487 Sest.3
1585 460 1598 474 .

513 543 572 575 ter,
585 533 617 565 in
628 530 705 576 Cyri
718 529 862 574 gratiam,
886 536 1027 561 veterem
1051 526 1138 560 illam
1149 528 1259 561 Xerxis
1271 525 1514 572 disputationem
1527 531 1660 574 u'rgeret.

511 579 606 614 Persae
618 588 731 617 tamen>
741 574 845 609 Arficae
859 583 991 618 regnum
1003 572 1228 618 adjudicarunt
1242 603 1249 614 ‚
1272 576 1304 607 &
1317 573 1462 609 Herodes
1477 587 1529 609 rex
1541 576 1663 618 Judaeo-

515 638 584 661 rum
600 621 800 665 Alexandro,
812 625 845 655 &
857 617 1045 655 Aristobulo
1055 630 1093 654 ex
1105 620 1134 654 se
1146 619 1217 663 post
1229 620 1380 665 adeptum
1396 631 1527 666 regnum
1546 649 1553 661 ‚
1576 623 1666 657 Anti-

515 682 640 717 patrum
653 679 726 704 ante
739 675 849 702 natum
865 667 997 712 praetulit
1010 693 1018 706 ‚
1046 678 1103 711 pro
1127 677 1190 711 qua
1205 677 1292 711 parte
1304 668 1398 701 etiam
1420 671 1455 702 jn
1470 679 1574 714 pugna
1586 671 1666 703 inter

514 722 674 754 Ottonem
688 747 697 760 ‚
722 719 753 749 &
766 715 940 749 Henricum
953 714 1083 747 victoria
1108 713 1214 759 ceffit5
1241 718 1299 749 Pro
1310 725 1373 759 qua
1393 714 1488 748 etiam
1500 724 1586 759 parte
1599 717 1667 750 sen-

515 766 646 800 tentiam
671 762 838 806 justiorem
864 760 1029 795 concludit
1041 762 1269 794 Hotomannus
1283 790 1292 801 ,
1317 761 1368 795 cui
1379 759 1505 796 assentit
1516 761 1667 807 Grotius,

514 811 604 859 quod
617 809 865 846 consentaneum
877 809 911 842 fit
925 819 996 842 cum
1009 808 1140 841 aliarum
1152 809 1298 841 omnium
1311 807 1537 852 haereditaturn‚
1559 811 1589 842 &
1603 809 1667 843 suc-

519 858 692 894 conionum
706 857 769 937 heile
782 855 829 900 jus
841 855 888 894 fit,
900 854 984 890 idem
992 865 1123 900 quoque
1137 855 1169 888 in
1182 863 1353 900 regnorum
1367 854 1595 890 haereditatibus
1605 856 1666 891 ob-

517 904 702 941 servandum
714 916 731 938 e
760 914 786 937 e.

553 999 619 1028 Vni.
643 1002 767 1028 Hotoman
785 995 862 1033 quest
882 993 959 1033 illust.
972 1004 996 1026 ι.
1017 995 1137 1025 Grotium
1147 993 1195 1023 lib.
1207 1001 1297 1034 amp.
1313 1003 1341 1028 7.
1356 998 1384 1021 ff.
1395 1004 1443 1028 27,
1455 997 1504 1023 28.

525 1107 537 1128 1
546 1106 573 1127 1.
599 1094 654 1126 An
664 1093 697 1124 in
708 1090 882 1134 succeffione
890 1088 931 1124 ad
940 1091 1075 1135 Regnum
1086 1091 1191 1135 Nepos
1201 1101 1240 1122 ex
1247 1088 1315 1135 filio
1323 1091 1420 1134 priore
1430 1117 1440 1132 ,
1454 1086 1583 1132 ftcundo
1598 1088 1667 1140 filio

559 1142 600 1186 fit
614 1138 833 1185 praeferendus?

599 1233 663 1267 Um
675 1232 706 1265 in
718 1230 895 1266 Germania
914 1232 1082 1264 contentio
1093 1229 1170 1263 ess‘et
1180 1235 1289 1264 exorta
1300 1231 1381 1264 inter
1391 1232 1535 1274 Patmos,
1557 1233 1590 1265 &
1600 1230 1668 1264 Ne-

609 1288 714 1323 potes,
722 1277 763 1312 de
774 1278 917 1323 legitimo
929 1275 1143 1311 haereditatum
1166 1275 1232 1319 jure
1243 1278 1327 1311 Otto
1350 1280 1525 1322 Imperator
1537 1287 1667 1322 primus,

608 1324 677 1368 ejus
690 1323 896 1369 disceptandae
907 1321 1012 1362 causti,
1025 1324 1167 1357 Comitia
1180 1323 1371 1358 Germanica
1383 1321 1540 1366 indixit‚&
1552 1325 1667 1357 cumin

520 1371 674 1408 Comitiis
685 1373 768 1405 inter
779 1371 947 1416 Principes,
962 1374 994 1404 &
1004 1371 1130 1404 Civium
1144 1371 1290 1416 LegatOS,
1299 1371 1461 1404 conveniri
1472 1381 1539 1404 non
1552 1368 1668 1414 posset,

523 1417 646 1453 Duello
657 1429 704 1453 res
718 1416 884 1453 commissa
893 1416 986 1459 est,1n
999 1428 1065 1462 quo
1074 1421 1147 1451 Pars
1159 1429 1215 1461 pro
1227 1417 1409 1461 Nepotibus
1420 1417 1506 1456 vicit,
1516 1416 1669 1462 Exempla

522 1475 596 1498 vero
611 1467 642 1499 in
655 1475 824 1512 utramque
835 1475 954 1509 partem
968 1464 1153 1498 afferuntur.
1179 1467 1239 1498 Pro
1250 1462 1321 1497 filiis
1332 1462 1485 1506 secundis,
1494 1462 1584 1509 quod
1596 1474 1667 1496 nar·-

525 1519 572 1544 rat
584 1513 771 1556 Procopius,
795 1511 948 1546 Gizerico
962 1509 1183 1545 Vandalorum
1204 1519 1277 1556 rege
1297 1520 1427 1545 mortuo
1440 1539 1451 1554 ,
1477 1507 1546 1555 post
1558 1508 1667 1544 habito

524 1557 773 1597 Gundabundo,
785 1569 823 1592 ex
834 1558 987 1593 Gensone
998 1558 1103 1603 priore
1112 1556 1179 1591 filio
1191 1558 1334 1602 Nepote,
1346 1558 1518 1592 Honor-ato
1531 1555 1669 1591 secundo

525 1603 591 1640 filio
602 1615 735 1651 regnum
748 1605 889 1639 delatum
900 1607 973 1640 esse.
999 1607 1038 1640 Et
1050 1604 1220 1639 Aimonius
1236 1602 1345 1638 scribit
1358 1631 1368 1643 ,
1392 1605 1482 1649 quod
1503 1614 1576 1637 cum
1589 1603 1669 1638 Clo-

524 1661 623 1687 tarius
644 1654 711 1688 Rex
733 1654 924 1687 Francorum
952 1648 1126 1686 deceffiffet
1139 1680 1150 1694 ‚
1172 1649 1382 1685 Gunetranus
1405 1648 1556 1684 fecundus
1577 1648 1670 1694 filius,

527 1698 740 1734 Childeberto
752 1697 898 1744 Sigiberti
911 1698 1015 1733 fratris
1028 1698 1158 1731 senioris
1177 1695 1244 1731 filio
1256 1696 1396 1741 praelatus
1403 1696 1440 1731 lit
1449 1713 1462 1740 3
1485 1699 1548 1731 Pro
1558 1697 1672 1742 Nepo-

526 1745 715 1791 tibus‚quod
727 1745 913 1780 Plutarchus
923 1744 1039 1786 scribit,
1050 1745 1241 1790 Lycurgum,
1263 1741 1430 1789 postquam
1445 1741 1598 1792 regnass‘et
1609 1745 1669 1776 cir-

530 1796 608 1827 citer
620 1793 695 1826 οᾶο
709 1792 838 1835 menses,
849 1802 920 1826 cum
933 1790 1111 1836 Polydeffis
1133 1789 1261 1824 senioris
1273 1790 1379 1825 fratris
1399 1789 1493 1832 vidua
1505 1789 1604 1824 filium
1616 1802 1669 1835 pe-

531 1837 670 1884 perisset,
682 1848 812 1885 regnum
827 1838 1137 1873 Lacedaemoniorum
1149 1838 1176 1871 ei
1188 1836 1326 1880 ceffisse3
1351 1839 1381 1870 &
1396 1836 1556 1872 Pausanias
1576 1838 1671 1872 refert

532 1886 711 1920 Cleomene
721 1895 863 1929 mortuo,
875 1889 1022 1919 Senatum
1036 1888 1222 1929 Spartanum
1235 1887 1321 1918 Areo
1330 1885 1439 1927 nepoti
1451 1893 1563 1918 contra
1573 1884 1674 1917 Cleo-

534 1944 667 1979 nymum
681 1936 828 1967 Patruum
841 1942 973 1978 regnum
985 1931 1185 1973 adjudicasse.
1212 1931 1347 1964 Videtur
1359 1960 1368 1973 ,
1389 1930 1478 1976 quod
1490 1931 1674 1976 regulariter

533 1981 646 2021 Nepos
659 1991 697 2013 ex
707 1981 812 2024 primo
825 1981 935 2025 genito
946 1977 1012 2012 filio
1026 2007 1035 2022 ,
1061 1977 1197 2012 secundo
1211 1978 1320 2023 genito
1344 1989 1375 2010 in
1398 1977 1586 2012 succeffione
1599 1988 1672 2021 prae-

535 2026 685 2061 ferendus
705 2026 761 2070 fit,
788 2027 842 2061 nisi
863 2028 972 2071 vigore
993 2026 1080 2069 Legis
1105 2023 1304 2058 sufficiendus
1325 2024 1361 2058 fit
1385 2023 1538 2058 defunc'to
1561 2034 1677 2068 genere

538 2075 699 2118 proximus
712 2104 722 2118 ,
747 2077 779 2107 δι
790 2085 866 2108 natu
878 2072 1031 2106 maximus
1043 2098 1051 2110 ,
1076 2083 1142 2117 quo
1154 2073 1186 2105 in
1196 2072 1278 2111 casu,
1297 2069 1379 2105 filius
1391 2070 1528 2106 secundo
1539 2072 1674 2116 genitus,

536 2121 658 2164 Nepoti
670 2131 708 2154 ex
720 2122 823 2164 priore
833 2120 899 2156 filio
910 2128 985 2154 natu
998 2119 1112 2152 minori
1125 2116 1334 2162 praeterendus
1345 2116 1400 2152 est.

536 2179 603 2208 Vid.
628 2183 757 2208 Hotoman.
767 2179 841 2217 quest
860 2178 931 2213 taust
958 2188 984 2209 7.
1013 2176 1160 2212 Johannem
1177 2179 1208 2207 de
1226 2183 1303 2207 Terra
1321 2177 1405 2208 rubea.
1450 2177 1640 2211 Grotium‚1=·ea.
1653 2188 1667 2205 2

573 2226 620 2258 cap
640 2229 664 2253 7.
675 2221 737 2248 Sed.
751 2230 777 2257 3.
805 2214 1077 2254 Tmffldefhczeffion'e
1085 2218 1166 2255 regia,

1482 2267 1528 2290 12.
1555 2257 1667 2289 vrrun
