1981 2750
270 382 1647 405 W

343 438 357 466 1
371 419 429 464 68
501 419 603 462 Pars
622 431 663 460 2,
807 406 872 451 De
884 405 1030 453 Iudicio
1046 408 1150 454 inter
1163 409 1326 456 Gentes.
1431 411 1528 455 Se&
1545 425 1589 467 9.

499 514 601 546 nitate
613 519 689 555 erga
706 520 762 542 eos
775 503 974 542 extendenda
986 501 1136 540 disserens
1151 534 1161 546 ‚
1185 505 1273 543 dixit.
1297 506 1511 545 Tradiderunt
1532 512 1561 545 se
1573 523 1645 546 cum

504 560 598 593 armis
614 585 622 595 ‚
642 555 747 590 confisi
758 554 930 589 clementiae
941 552 1080 592 vietoris,
1092 550 1189 598 quare
1203 552 1368 599 indignum
1379 555 1469 601 esset,
1479 569 1535 591 eos
1547 557 1648 603 decipi

507 606 558 650 spe
569 602 680 637 nostrae
696 602 912 642 humanitatis,
926 603 956 633 ὃ(
970 598 1086 645 postea.
1115 600 1200 645 Qis
1212 611 1352 645 unquam
1361 601 1561 644 Graecorum,
1588 608 1650 639 Eos

508 654 563 698 qui
579 650 606 684 se
617 650 785 684 clementiae
796 648 923 680 vietoris
944 646 1147 690 permiserunt
1169 645 1392 691 indeprecabili
1417 649 1568 694 supplicio
1594 662 1652 696 pu-

505 697 643 732 niendos
655 694 782 729 censuit.
809 694 892 728 Cum
905 702 1011 726 tamen
1036 691 1174 727 Phaneas
1190 693 1368 728 AEtolorurn
1393 695 1463 741 (qui
1487 696 1515 730 se
1537 698 1654 743 suaque

507 745 580 779 fidei
594 743 703 788 Populi
717 741 858 776 Romani
871 737 1080 783 dedidissent)
1093 741 1225 784 Legatus
1239 767 1247 780 ‚
1273 741 1385 774 Manio
1397 744 1550 778 Romano
1562 746 1652 778 Con-

508 791 565 826 suli
580 789 764 835 postulanti,
776 798 811 823 ut
822 785 952 833 quidam
966 785 1040 819 belli
1051 787 1241 826 incentores,
1262 786 1314 821 fibi
1325 787 1386 823 sine
1399 800 1488 823 mora
1501 790 1653 826 dederen-

511 848 575 876 tur,
589 835 812 881 respondisset:
841 837 879 868 Se
891 845 956 867 non
969 835 1000 866 in
1013 832 1201 877 servitutem,
1222 832 1315 867 sedin
1328 833 1421 869 fidem
1435 836 1607 881 tradidisse,
1619 843 1652 873 δι

512 884 602 930 quod
613 881 837 927 imperabatur,
850 892 914 914 non
927 879 989 914 esse
1001 882 1099 913 moris
1109 879 1295 914 Graecorum
1309 908 1317 920 ,
1339 883 1459 916 retorsit
1473 885 1606 929 Consul,
1616 888 1654 919 Se

512 930 591 965 nihil
603 941 723 968 curare,
747 927 826 974 quid
836 926 913 963 esset
924 926 1028 963 Graeci
1040 926 1137 961 moris
1150 955 1159 969 ‚
1182 926 1213 960 se
1224 939 1314 962 more
1325 929 1476 964 Romano
1487 931 1653 975 imperium

514 977 627 1011 habete
639 978 671 1010 in
685 975 824 1017 deditos,
846 975 901 1007 suo
912 972 1040 1008 decreto
1057 1000 1064 1011 ‚
1091 976 1123 1006 &
1137 974 1165 1005 C
1167 975 1266 1007 arenis
1289 975 1422 1020 Legatos
1437 978 1543 1011 vinciri
1558 978 1652 1021 justit.

516 1023 620 1069 Qiod
632 1025 667 1057 'iis
680 1024 733 1067 qui
748 1023 789 1054 ita
801 1021 830 1053 se
841 1018 976 1058 dedunt,
1000 1020 1060 1054 vita
1072 1019 1106 1053 fit
1132 1018 1299 1063 praestanda
1310 1049 1320 1065 ‚
1343 1021 1420 1056 facit
1445 1023 1532 1069 quod
1559 1026 1656 1061 tradit

515 1070 629 1105 Baldus
642 1065 888 1111 jureconsultus,
900 1068 954 1112 qui
968 1068 1023 1105 ait,
1044 1067 1073 1099 Si
1085 1063 1183 1100 hodie
1193 1067 1297 1112 aliqua
1310 1068 1431 1103 Civitas
1443 1073 1589 1117 exemplo
1600 1085 1654 1108 an·

513 1120 604 1164 tiquae
617 1115 789 1150 deditionis
802 1143 812 1157 ‚
836 1114 925 1148 alteri
938 1113 968 1146 se
979 1112 1130 1154 dederet,
1156 1124 1190 1148 ut
1212 1114 1314 1158 posset
1336 1117 1435 1152 viftor
1453 1117 1494 1153 de
1505 1131 1540 1153 ea
1551 1119 1656 1157 facere

511 1162 665 1210 quicquid
678 1162 800 1201 liberet,
814 1172 881 1194 non
894 1159 1024 1195 deberet
1038 1169 1143 1194 tamen
1155 1162 1250 1195 vitam
1262 1161 1420 1206 adimete3
1445 1166 1483 1199 Et
1495 1167 1559 1200 Alii
1570 1166 1655 1202 affir-

515 1220 614 1250 mant,
626 1211 652 1243 Si
665 1209 736 1255 quis
747 1209 776 1242 se
788 1210 927 1242 remittat
939 1205 1027 1242 bonae
1040 1208 1142 1252 gratiae
1156 1208 1365 1252 alterius,non
1376 1212 1494 1254 poterit
1503 1224 1654 1258 corpora-

515 1258 584 1292 liter
595 1255 738 1292 offendi:
765 1257 812 1290 Eo
824 1256 922 1293 enim,
945 1253 1035 1299 quod
1049 1257 1090 1288 'ita
1103 1254 1131 1288 se
1146 1256 1319 1290 committit
1331 1284 1339 1295 ‚
1365 1258 1505 1294 censetur
1516 1259 1608 1296 tacite
1622 1273 1655 1296 a„

512 1305 611 1348 (qum,
622 1302 712 1349 quod
726 1302 778 1336 fiat
790 1303 903 1347 gratia,
915 1310 1011 1346 atque
1021 1299 1103 1334 idem
1117 1299 1179 1335 esse
1192 1331 1200 1344 ,
1219 1302 1239 1336 si
1252 1301 1279 1337 se
1291 1302 1451 1338 submittat
1461 1306 1588 1342 alterius
1599 1321 1655 1344 vo-

516 1352 631 1385 luntati
645 1363 653 1382 ·.
678 1352 730 1384 De
742 1348 857 1395 quibus
870 1350 1011 1384 Petrinus
1023 1347 1141 1387 Bellus,
1159 1348 1215 1383 ista
1229 1350 1353 1395 inquit,
1376 1349 1447 1385 sunt
1457 1352 1549 1388 valde
1562 1357 1656 1399 perti-

516 1399 623 1432 nentia
635 1396 674 1432 ad
688 1408 753 1432 rem
768 1395 1057 1439 bellicam‚propter
1069 1392 1145 1429 istos
1157 1394 1388 1442 dedititios,qui
1400 1409 1471 1432 cum
1487 1401 1652 1444 praesidium

516 1444 569 1478 fibi
582 1445 791 1481 commissum,
803 1443 885 1477 ultra
898 1444 978 1476 tueri
989 1453 1056 1475 non
1069 1441 1308 1482 valent‚dedunt
1318 1442 1359 1484 se,
1371 1443 1409 1479 ad
1422 1444 1655 1489 discretionem,

517 1495 548 1524 ὅ(
564 1490 759 1537 quandoque
770 1490 822 1523 alii
835 1489 930 1523 furcis
942 1486 1180 1533 suspenduntur,
1204 1489 1256 1524 alii
1270 1488 1482 1535 deportantur
1504 1494 1545 1529 ad
1567 1498 1656 1531 trire-

519 1550 595 1577 τηες,
607 1541 697 1584 quod
710 1549 773 1571 non
787 1536 881 1570 debet
891 1535 953 1569 fieri
967 1554 975 1578 ;
1001 1537 1084 1570 Nam
1097 1534 1242 1571 discretio
1260 1537 1413 1582 importat
1426 1539 1588 1576 arbitrium
1600 1542 1659 1579 bc-

516 1597 547 1618 ni
573 1586 637 1618 viri.
663 1584 803 1619 Gentilis
820 1615 827 1626 ,
852 1584 906 1627 qui
922 1582 960 1616 de
971 1584 1046 1616 intei
1055 1584 1230 1626 pretatione
1241 1583 1424 1627 hujusmodi
1445 1587 1612 1624 verborum
1626 1592 1659 1625 in

517 1631 744 1666 Deditionibus
766 1630 920 1665 consuetis
934 1659 943 1671 ‚
971 1628 1031 1663 late
1045 1629 1182 1673 disputat
1195 1658 1204 1670 ,
1230 1629 1270 1664 de
1282 1631 1431 1665 omnibus
1442 1635 1605 1670 concludit
1617 1636 1658 1672 ad

517 1680 612 1711 vitam
627 1679 731 1712 saltem
749 1674 983 1718 tuendam‚esse
993 1675 1202 1710 extendenda.
1229 1678 1343 1711 Monet
1364 1687 1467 1713 tamen
1490 1681 1519 1716 se
1531 1694 1596 1716 non
1610 1684 1657 1719 lo.

516 1726 568 1769 qui
581 1724 620 1758 de
631 1724 784 1765 Subditis7
797 1724 841 1756 illi
854 1724 939 1756 enim
950 1723 1004 1757 etsi
1016 1721 1146 1756 arbitrio
1157 1723 1216 1757 sese
1229 1722 1363 1768 deduut,
1385 1727 1485 1761 multo
1500 1729 1658 1765 efficacius

516 1771 544 1804 le
557 1770 722 1805 submisisse
736 1770 890 1804 videntur.
915 1769 1064 1808 Grotius,
1077 1780 1114 1802 ex
1128 1769 1227 1803 verbis
1240 1773 1338 1806 Manii
1349 1772 1497 1808 Consulis
1512 1803 1518 1814 ,
1538 1777 1590 1811 etfi
1601 1778 1658 1812 Le.

517 1827 608 1861 gatos
619 1818 799 1852 AEtolorum
811 1816 942 1855 demisit,
958 1815 1065 1859 infert,
1076 1827 1230 1861 quantum
1243 1816 1372 1862 impune
1384 1849 1393 1861 ,
1415 1822 1445 1853 δι
1460 1833 1525 1855 non
1538 1825 1657 1859 violato

519 1865 586 1907 jure
598 1867 751 1910 gentium,
764 1865 865 1897 facere
878 1862 970 1907 possit
981 1864 1016 1901 is,
1028 1863 1059 1895 in
1070 1863 1159 1905 cujus
1169 1862 1263 1897 fidem
1277 1866 1413 1909 populus
1425 1868 1537 1913 aliquis
1550 1870 1577 1903 se
1589 1882 1656 1915 per-

521 1912 611 1952 misit,
624 1922 719 1957 atque
733 1909 881 1948 affirmat,
893 1911 928 1942 iis
941 1908 1053 1952 verbis,
1065 1910 1142 1943 nihil
1153 1909 1239 1946 aliud
1253 1939 1262 1954 ‚
1281 1922 1377 1955 quarn
1390 1924 1506 1948 meram
1519 1914 1657 1951 deditio-

522 1969 591 1991 nem
604 1959 750 2002 intelligi,
762 1968 863 2001 neque
873 1954 945 1989 fidei
958 1967 1088 1997 nomen,
1100 1958 1134 1989 iis
1145 1958 1176 1990 in
1192 1957 1268 1990 locis
1281 1957 1367 1992 aliud
1379 1958 1655 2009 i'igniiicare‚quain

518 2004 613 2047 ipsam
627 2004 816 2048 probitatem
830 2004 955 2037 victoris
969 2031 978 2045 ‚
1003 2004 1051 2036 cui
1072 2003 1102 2036 se
1115 2004 1212 2037 vietus
1233 2005 1425 2049 committir;
1447 2006 1562 2043 deinde
1573 2009 1656 2044 affir-

521 2061 597 2089 mat,
609 2051 637 2084 se
650 2050 825 2085 existimare
837 2061 903 2083 non
917 2048 1044 2092 referre,
1068 2060 1107 2082 an
1119 2049 1235 2084 dedens
1249 2050 1278 2083 se
1288 2049 1390 2093 dicat,
1415 2053 1444 2087 se
1455 2053 1570 2089 dedere
1581 2057 1658 2092 alte-

523 2097 585 2130 rius
597 2099 756 2142 sapientiae,
769 2108 808 2130 an
820 2094 1046 2135 moderationi,
1071 2107 1110 2129 an
1124 2096 1336 2132 misericordiae
1348 2127 1358 2141 ‚
1383 2098 1442 2133 haec
1452 2102 1536 2136 enirn
1551 2105 1659 2138 omnia

525 2142 741 2179 blandimenta
756 2144 836 2186 sunt,
850 2155 906 2187 pro
919 2153 982 2187 qua
993 2143 1146 2186 opinione
1158 2142 1245 2183 facit,
1259 2144 1349 2190 quod
1360 2156 1398 2179 ex
1409 2147 1544 2193 Polybio
1555 2150 1657 2194 affert3

522 2191 618 2238 Apud
630 2192 794 2228 Romanos
804 2189 888 2226 idem
900 2190 1012 2225 valent.
1039 2191 1076 2225 Se
1087 2191 1118 2225 in
1132 2189 1226 2225 sidem
1237 2191 1370 2229 alicuius
1382 2196 1581 2232 committere
1593 2224 1602 2236 ,
1625 2199 1658 2233 8(

1549 2243 1660 2281 vietori
