1981 2750
442 414 609 460 Pars.2.
700 411 769 455 De
787 409 934 455 Iudicio
947 413 1055 456 inter
1070 410 1235 458 Gentes.
1327 415 1438 459 Sest.
1450 430 1520 459 10.
1598 429 1614 457 1
1626 428 1653 470 9
1665 429 1682 459 1

368 518 443 552 vire.
468 515 554 552 Caedi
567 516 769 549 incautorum
784 513 935 553 militum,
962 512 1084 560 aliquid
1098 513 1242 549 dandum
1255 514 1425 549 videbatur
1437 546 1447 560 ‚
1472 515 1523 550 sed

370 577 428 599 nec
449 564 493 599 ob
516 563 596 597 hanc
609 560 826 599 Ferdinandus
848 560 1052 596 excusandus.
1079 562 1147 597 Cur
1171 564 1255 596 enim
1279 563 1326 596 illi
1339 561 1379 598 ad
1400 565 1524 599 maenia?

370 614 403 647 Si
413 611 493 645 nihil
504 609 639 656 perfidiae
652 609 822 644 intervenit
843 608 983 643 saeviendi
998 609 1087 642 causa
1108 621 1176 641 non
1188 619 1264 643 erat*

366 707 421 738 Vid
447 705 650 739 Gentilemdib.
661 714 688 732 2.
705 709 760 742 cap.
772 704 815 732 18.

419 814 430 836 1
439 812 451 836 1
460 828 467 837 .
517 800 592 837 eAn
602 798 766 890 c-umff-olge’
781 794 872 844 quise
881 795 1005 840 dedidit,
1016 795 1107 842 infido
1121 798 1160 833 ό·
1171 795 1361 841 inconstanti,
1379 796 1525 841 severihs

568 859 620 894 agi
630 858 665 894 po
690 856 727 880 ιι.

450 945 511 977 Um
535 940 705 984 Campani
731 939 760 975 se
782 940 888 975 Mario
907 937 1102 974 dedidissent
1117 968 1128 983 ‚
1152 950 1266 974 eorum
1291 936 1448 984 oppidum
1468 939 1475 971 i
1482 949 1520 971 n—

460 988 600 1030 censum,
613 985 745 1031 puberes
759 986 956 1027 interfectos,
967 987 1047 1018 alios
1059 985 1208 1019 venditos
1222 1015 1230 1028 ‚
1256 986 1426 1031 praedamq;
1439 986 1523 1018 mili-

460 1035 547 1070 tibus
566 1033 697 1069 divisam
710 1064 719 1076 ,
746 1029 897 1066 Salustius
908 1030 1017 1071 refert,
1034 1029 1140 1077 Qod
1154 1030 1289 1075 facinus,
1311 1033 1429 1076 inquit,
1444 1044 1524 1066 con-

369 1092 416 1119 tra
431 1083 479 1128 jus
494 1082 583 1126 belli,
594 1092 660 1115 non
673 1080 802 1114 avaritia
819 1107 827 1118 ,
850 1089 954 1124 neque
964 1077 1078 1113 scelere
1088 1077 1238 1113 Consulis
1253 1076 1422 1114 admiffum
1437 1107 1448 1122 ,
1471 1078 1524 1112 sed

369 1132 444 1177 quia
456 1131 545 1165 locus
567 1127 727 1175 Jugutthae
752 1135 956 1171 opportunus
969 1144 979 1171 3
1004 1126 1162 1160 Romanis
1184 1124 1273 1161 aditu
1286 1124 1426 1160 difficilis
1437 1153 1445 1164 ‚
1471 1135 1525 1170 ge·

369 1190 429 1212 nus
441 1178 610 1212 hominum
623 1174 790 1218 mobile‚&
802 1172 948 1217 infidum,
959 1182 1033 1206 ante
1044 1184 1148 1219 neque
1162 1172 1329 1212 beneficio,
1342 1184 1445 1218 neque
1456 1184 1521 1206 me-

371 1234 407 1261 tu
418 1227 591 1261 coercitum
605 1241 613 1267 ;
639 1222 780 1257 Gentilis
791 1230 903 1255 contra
915 1220 982 1263 jura
996 1219 1253 1255 belli.ordinaria
1266 1249 1277 1265 ‚
1302 1220 1420 1256 faeium
1435 1218 1525 1262 dicit,

371 1271 393 1308 εὶ
407 1271 474 1315 jure
485 1281 591 1306 tamen
604 1269 764 1315 singulari,
777 1270 808 1302 &
820 1267 1076 1301 extraordinario
1089 1267 1230 1301 sustineri
1246 1266 1347 1311 posse,
1376 1277 1471 1312 atque
1482 1267 1525 1299 ita

371 1320 535 1358 Caesaoem,
548 1330 613 1352 non
626 1316 790 1359 Numidis,
803 1326 869 1350 non
880 1314 976 1359 Jubae,
985 1315 1039 1360 qui
1053 1314 1081 1348 se
1092 1314 1284 1349 dediderunt
1297 1311 1477 1360 pepercisse,
1492 1316 1523 1346 &

371 1366 443 1401 saeve}
457 1364 632 1411 aliquando
646 1364 763 1399 Gallos
777 1361 941 1406 traftaffe,
968 1371 1003 1396 ut
1017 1364 1117 1407 genti,
1140 1361 1180 1397 ad
1194 1363 1302 1396 omnia
1314 1361 1441 1397 consilia
1455 1372 1525 1396 mo-

373 1413 442 1458 bili,
455 1412 601 1449 terribilis
611 1411 745 1456 exempli
758 1420 869 1447 notatu
882 1411 1031 1445 inureret.

374 1507 434 1539 Vid.
450 1507 580 1544 Gentilem
607 1505 653 1536 lib.
666 1516 694 1535 2.
709 1513 756 1543 cap
785 1505 827 1533 18.

421 1616 433 1638 1
441 1618 468 1639 2.
518 1605 593 1640 eAn
603 1615 699 1649 captos
709 1605 764 1650 qui
773 1606 897 1639 coerceri
910 1616 965 1638 non
976 1606 1102 1650 poffunt,
1115 1601 1291 1648 interficerer
1301 1602 1420 1634 liceat?

372 1698 537 1773 ANgli
549 1699 580 1731 in
595 1698 694 1732 nobili
717 1698 770 1732 illa
783 1707 887 1743 pugna
900 1727 910 1741 ,
934 1696 1031 1741 Regis
1040 1696 1169 1730 Henrici
1193 1696 1299 1740 quinti
1313 1692 1466 1736 -auspiciis
1481 1692 1520 1726 ad

471 1746 684 1790 Agincurtum
709 1743 874 1778 commissa
887 1762 896 1788 3
921 1742 987 1789 quai
998 1742 1175 1778 ,Gallicum
1202 1742 1368 1785 imperium
1394 1738 1515 1784 pessum

371 1793 540 1835 dederunt,
551 1803 622 1826 curn
637 1793 741 1836 plures
753 1802 861 1836 captos
876 1791 1040 1833 haberent,
1053 1800 1148 1835 quam
1162 1789 1213 1832 ipsi
1233 1789 1367 1822 victores
1382 1816 1388 1825 ,
1420 1787 1511 1820 veriti

371 1842 526 1874 noe‘iurna
540 1840 688 1884 pericula,
702 1838 818 1873 seleffis
832 1836 1043 1872 nobilioribus
1055 1866 1065 1881 ‚
1087 1844 1212 1871 caeteros
1225 1831 1427 1868 trucidzlrunt
1442 1860 1450 1872 ‚
1477 1833 1524 1867 fa-

370 1888 455 1921 &um
470 1886 680 1920 inhumanum
695 1916 702 1929 ‚
728 1886 832 1931 inquit
844 1883 994 1927 historia;
1021 1895 1077 1917 nec
1101 1892 1167 1917 tam
1179 1891 1346 1915 cruentum
1368 1880 1522 1920 Praehum,

370 1946 465 1980 quam
481 1935 610 1968 vifkoria
625 1933 698 1977 fuit,
713 1933 852 1969 Gentilis
866 1932 990 1977 inquit,
1013 1932 1041 1966 se
1054 1929 1181 1966 laudare
1194 1940 1260 1963 non
1273 1927 1371 1972 poss‘e.
1398 1926 1522 1961 Laudat

369 1992 446 2016 vero
460 1984 572 2015 Scotos
587 2009 595 2021 ,
616 1982 671 2026 qui
685 1982 756 2014 licet
768 1981 940 2014 maximum
963 1978 1139 2022 periculum
1153 1977 1331 2009 immineret
1345 2002 1352 2011 ,
1379 1976 1521 2018 captivos

367 2039 434 2062 non
451 2038 614 2071 necarunt,
637 2031 669 2061 &
682 2028 797 2062 Galliae
810 2029 934 2063 Ducem
949 2058 958 2071 ‚
983 2025 1037 2070 qui
1053 2034 1087 2057 ut
1101 2022 1308 2057 multitudine
1321 2023 1518 2066 captivorum

368 2074 467 2109 castra
478 2072 829 2120 exonerarengenerosd
844 2072 957 2107 dimisit
968 2083 1081 2106 omnes
1095 2085 1102 2102 ·.
1131 2071 1251 2115 Qaerit
1267 2080 1385 2109 tamen,
1406 2080 1515 2101 annon

365 2122 457 2156 causae
482 2122 719 2166 fintlingulares
732 2152 741 2166 ‚
767 2131 895 2166 propter
906 2124 983 2165 quas
1004 2119 1118 2163 captivi
1131 2116 1343 2152 occidantur>
1370 2118 1400 2151 ὅτ.
1416 2115 1514 2150 refert

363 2168 570 2211 Annibalem,
584 2167 604 2204 εὶ
618 2168 715 2203 Fabio
738 2169 1000 2209 circumventum,
1026 2177 1064 2198 ne
1077 2163 1155 2210 quid
1170 2165 1356 2197 imminente
1370 2164 1511 2207 periculo

363 2216 520 2252 tumultus
529 2215 637 2252 effera
652 2217 794 2261 captim,
805 2226 859 2251 cos
871 2225 982 2249 omnes
995 2216 1149 2256 quierant
1161 2212 1303 2257 quinque
1315 2211 1414 2246 millia
1425 2209 1511 2244 cerci-

1419 2254 1511 2296 disse,
