<?xml version="1.0" encoding="UTF-8"?>
<!DOCTYPE html PUBLIC "-//W3C//DTD XHTML 1.0 Transitional//EN"
    "http://www.w3.org/TR/xhtml1/DTD/xhtml1-transitional.dtd">
<html xmlns="http://www.w3.org/1999/xhtml" xml:lang="en" lang="en">
 <head>
  <title>
</title>
<meta http-equiv="Content-Type" content="text/html;charset=utf-8" />
  <meta name='ocr-system' content='tesseract 3.04.00' />
  <meta name='ocr-capabilities' content='ocr_page ocr_carea ocr_par ocr_line ocrx_word'/>
</head>
<body>
  <div class='ocr_page' id='page_1' title='image "./iurisetiudiciife01zoucuoft_0210.png"; bbox 0 0 1981 2750; ppageno 0'>
   <div class='ocr_carea' id='block_1_1' title="bbox 329 449 1573 520">
    <p class='ocr_par' dir='ltr' id='par_1_1' title="bbox 329 449 1573 520">
     <span class='ocr_line' id='line_1_1' title="bbox 329 449 1573 520; baseline -0.002 -18"><span class='ocrx_word' id='word_1_1' title='bbox 329 469 425 520; x_wconf 75' lang='lat'>154</span> <span class='ocrx_word' id='word_1_2' title='bbox 468 458 572 502; x_wconf 84' lang='lat' dir='ltr'>Pars</span> <span class='ocrx_word' id='word_1_3' title='bbox 593 467 632 497; x_wconf 90' lang='lat'>2.</span> <span class='ocrx_word' id='word_1_4' title='bbox 750 449 818 495; x_wconf 84' lang='lat' dir='ltr'>De</span> <span class='ocrx_word' id='word_1_5' title='bbox 837 450 986 498; x_wconf 78' lang='lat' dir='ltr'>Iudicio</span> <span class='ocrx_word' id='word_1_6' title='bbox 1013 452 1123 498; x_wconf 77' lang='lat' dir='ltr'>inter</span> <span class='ocrx_word' id='word_1_7' title='bbox 1138 452 1299 499; x_wconf 83' lang='lat' dir='ltr'><strong><em>Gentes.</em></strong></span> <span class='ocrx_word' id='word_1_8' title='bbox 1394 451 1512 501; x_wconf 71' lang='lat' dir='ltr'>Sest.</span> <span class='ocrx_word' id='word_1_9' title='bbox 1529 473 1573 514; x_wconf 87' lang='lat'>9.</span> 
     </span>
    </p>
   </div>
   <div class='ocr_carea' id='block_1_2' title="bbox 469 547 1640 978">
    <p class='ocr_par' dir='ltr' id='par_1_2' title="bbox 469 547 1640 978">
     <span class='ocr_line' id='line_1_2' title="bbox 469 547 1638 599; baseline -0.004 -9"><span class='ocrx_word' id='word_1_10' title='bbox 469 554 600 599; x_wconf 85' lang='lat' dir='ltr'>deberi,</span> <span class='ocrx_word' id='word_1_11' title='bbox 627 556 657 587; x_wconf 66' lang='grc' dir='ltr'>ἃ</span> <span class='ocrx_word' id='word_1_12' title='bbox 671 554 713 587; x_wconf 85' lang='lat' dir='ltr'>ita</span> <span class='ocrx_word' id='word_1_13' title='bbox 726 552 910 587; x_wconf 87' lang='lat' dir='ltr'>conclusum</span> <span class='ocrx_word' id='word_1_14' title='bbox 924 552 966 585; x_wconf 81' lang='lat' dir='ltr'>ait</span> <span class='ocrx_word' id='word_1_15' title='bbox 978 547 1178 589; x_wconf 81' lang='lat' dir='ltr'>Plutarchus,</span> <span class='ocrx_word' id='word_1_16' title='bbox 1199 549 1274 595; x_wconf 72' lang='lat' dir='ltr'>quia</span> <span class='ocrx_word' id='word_1_17' title='bbox 1287 558 1322 583; x_wconf 83' lang='lat' dir='ltr'>ut</span> <span class='ocrx_word' id='word_1_18' title='bbox 1338 550 1370 583; x_wconf 90' lang='lat' dir='ltr'>in</span> <span class='ocrx_word' id='word_1_19' title='bbox 1383 551 1501 597; x_wconf 83' lang='lat' dir='ltr'>Legum</span> <span class='ocrx_word' id='word_1_20' title='bbox 1525 562 1638 598; x_wconf 85' lang='lat' dir='ltr'>repug-</span> 
     </span>
     <span class='ocr_line' id='line_1_3' title="bbox 472 595 1636 647; baseline -0.003 -10"><span class='ocrx_word' id='word_1_21' title='bbox 472 603 588 637; x_wconf 79' lang='lat' dir='ltr'>nantiis</span> <span class='ocrx_word' id='word_1_22' title='bbox 599 599 1017 647; x_wconf 60' lang='lat' dir='ltr'>Judicesidamplecquntur</span> <span class='ocrx_word' id='word_1_23' title='bbox 1031 628 1039 643; x_wconf 86' lang='lat'>,</span> <span class='ocrx_word' id='word_1_24' title='bbox 1061 595 1152 643; x_wconf 89' lang='lat' dir='ltr'>quod</span> <span class='ocrx_word' id='word_1_25' title='bbox 1160 595 1244 631; x_wconf 83' lang='lat' dir='ltr'>nihil</span> <span class='ocrx_word' id='word_1_26' title='bbox 1257 595 1352 631; x_wconf 80' lang='lat' dir='ltr'>habet</span> <span class='ocrx_word' id='word_1_27' title='bbox 1363 599 1636 642; x_wconf 77' lang='lat' dir='ltr'>controvetfiae,eo</span> 
     </span>
     <span class='ocr_line' id='line_1_4' title="bbox 477 642 1639 696; baseline -0.003 -12"><span class='ocrx_word' id='word_1_28' title='bbox 477 649 568 696; x_wconf 86' lang='lat' dir='ltr'>quod</span> <span class='ocrx_word' id='word_1_29' title='bbox 581 648 751 683; x_wconf 84' lang='lat' dir='ltr'>obscurum</span> <span class='ocrx_word' id='word_1_30' title='bbox 765 645 811 681; x_wconf 84' lang='lat' dir='ltr'>est</span> <span class='ocrx_word' id='word_1_31' title='bbox 824 645 1006 692; x_wconf 79' lang='lat' dir='ltr'>repudiato,</span> <span class='ocrx_word' id='word_1_32' title='bbox 1020 647 1063 679; x_wconf 82' lang='lat' dir='ltr'>ita</span> <span class='ocrx_word' id='word_1_33' title='bbox 1075 644 1124 679; x_wconf 85' lang='lat' dir='ltr'>hic</span> <span class='ocrx_word' id='word_1_34' title='bbox 1135 642 1167 677; x_wconf 91' lang='lat' dir='ltr'>id</span> <span class='ocrx_word' id='word_1_35' title='bbox 1181 644 1305 688; x_wconf 61' lang='lat' dir='ltr'>paetum</span> <span class='ocrx_word' id='word_1_36' title='bbox 1318 644 1509 681; x_wconf 87' lang='lat' dir='ltr'>censendum</span> <span class='ocrx_word' id='word_1_37' title='bbox 1524 675 1532 686; x_wconf 89' lang='lat'>,</span> <span class='ocrx_word' id='word_1_38' title='bbox 1555 648 1639 691; x_wconf 86' lang='lat' dir='ltr'>poti-</span> 
     </span>
     <span class='ocr_line' id='line_1_5' title="bbox 476 691 1639 743; baseline -0.003 -12"><span class='ocrx_word' id='word_1_39' title='bbox 476 710 526 737; x_wconf 82' lang='lat' dir='ltr'>us,</span> <span class='ocrx_word' id='word_1_40' title='bbox 540 694 630 743; x_wconf 88' lang='lat' dir='ltr'>quod</span> <span class='ocrx_word' id='word_1_41' title='bbox 644 694 738 731; x_wconf 83' lang='lat' dir='ltr'>finem</span> <span class='ocrx_word' id='word_1_42' title='bbox 751 704 866 729; x_wconf 84' lang='lat' dir='ltr'>notum</span> <span class='ocrx_word' id='word_1_43' title='bbox 878 694 1059 729; x_wconf 81' lang='lat' dir='ltr'>certaminis</span> <span class='ocrx_word' id='word_1_44' title='bbox 1071 692 1241 736; x_wconf 82' lang='lat' dir='ltr'>exprimit,</span> <span class='ocrx_word' id='word_1_45' title='bbox 1266 693 1297 724; x_wconf 75' lang='grc' dir='ltr'>δι</span> <span class='ocrx_word' id='word_1_46' title='bbox 1311 691 1391 725; x_wconf 87' lang='lat' dir='ltr'>nulli</span> <span class='ocrx_word' id='word_1_47' title='bbox 1404 695 1581 738; x_wconf 82' lang='lat' dir='ltr'>exceptioni</span> <span class='ocrx_word' id='word_1_48' title='bbox 1593 692 1639 728; x_wconf 88' lang='lat' dir='ltr'>est</span> 
     </span>
     <span class='ocr_line' id='line_1_6' title="bbox 478 738 1639 786; baseline -0.003 -7"><span class='ocrx_word' id='word_1_49' title='bbox 478 744 656 780; x_wconf 89' lang='lat' dir='ltr'>obnoxium</span> <span class='ocrx_word' id='word_1_50' title='bbox 671 756 679 776; x_wconf 71' lang='grc' dir='ltr'><strong>ι</strong></span> <span class='ocrx_word' id='word_1_51' title='bbox 705 741 848 777; x_wconf 84' lang='lat' dir='ltr'>Gentilis</span> <span class='ocrx_word' id='word_1_52' title='bbox 860 753 936 776; x_wconf 88' lang='lat' dir='ltr'>veto</span> <span class='ocrx_word' id='word_1_53' title='bbox 949 741 1005 785; x_wconf 88' lang='lat' dir='ltr'>ait,</span> <span class='ocrx_word' id='word_1_54' title='bbox 1030 738 1120 786; x_wconf 88' lang='lat' dir='ltr'>quod</span> <span class='ocrx_word' id='word_1_55' title='bbox 1133 739 1216 773; x_wconf 82' lang='lat' dir='ltr'>Paris</span> <span class='ocrx_word' id='word_1_56' title='bbox 1232 739 1263 771; x_wconf 90' lang='lat' dir='ltr'>in</span> <span class='ocrx_word' id='word_1_57' title='bbox 1276 738 1367 772; x_wconf 82' lang='lat' dir='ltr'>causa</span> <span class='ocrx_word' id='word_1_58' title='bbox 1380 739 1593 780; x_wconf 83' lang='lat' dir='ltr'>succumbere,</span> <span class='ocrx_word' id='word_1_59' title='bbox 1606 744 1639 774; x_wconf 67' lang='grc' dir='ltr'>δι</span> 
     </span>
     <span class='ocr_line' id='line_1_7' title="bbox 479 783 1640 834; baseline -0.004 -8"><span class='ocrx_word' id='word_1_60' title='bbox 479 792 634 826; x_wconf 81' lang='lat' dir='ltr'>Helenam</span> <span class='ocrx_word' id='word_1_61' title='bbox 648 791 793 825; x_wconf 85' lang='lat' dir='ltr'>amittere</span> <span class='ocrx_word' id='word_1_62' title='bbox 804 788 917 823; x_wconf 84' lang='lat' dir='ltr'>debuit</span> <span class='ocrx_word' id='word_1_63' title='bbox 936 818 944 833; x_wconf 93' lang='lat'>,</span> <span class='ocrx_word' id='word_1_64' title='bbox 966 788 1041 834; x_wconf 87' lang='lat' dir='ltr'>quia</span> <span class='ocrx_word' id='word_1_65' title='bbox 1056 785 1190 832; x_wconf 55' lang='lat' dir='ltr'>pei-&gt;ejus</span> <span class='ocrx_word' id='word_1_66' title='bbox 1201 784 1311 831; x_wconf 83' lang='lat' dir='ltr'>fugam</span> <span class='ocrx_word' id='word_1_67' title='bbox 1324 783 1409 819; x_wconf 89' lang='lat' dir='ltr'>stetit</span> <span class='ocrx_word' id='word_1_68' title='bbox 1423 815 1430 827; x_wconf 82' lang='lat'>‚</span> <span class='ocrx_word' id='word_1_69' title='bbox 1455 798 1522 833; x_wconf 90' lang='lat' dir='ltr'>quo</span> <span class='ocrx_word' id='word_1_70' title='bbox 1536 789 1640 822; x_wconf 85' lang='lat' dir='ltr'>minus</span> 
     </span>
     <span class='ocr_line' id='line_1_8' title="bbox 479 833 1638 881; baseline -0.005 -7"><span class='ocrx_word' id='word_1_71' title='bbox 479 840 559 874; x_wconf 85' lang='lat' dir='ltr'>alius</span> <span class='ocrx_word' id='word_1_72' title='bbox 571 838 640 873; x_wconf 79' lang='lat' dir='ltr'>finis</span> <span class='ocrx_word' id='word_1_73' title='bbox 652 838 816 873; x_wconf 82' lang='lat' dir='ltr'>certamini</span> <span class='ocrx_word' id='word_1_74' title='bbox 830 837 1051 881; x_wconf 83' lang='lat' dir='ltr'>imponeretur</span> <span class='ocrx_word' id='word_1_75' title='bbox 1062 864 1071 879; x_wconf 86' lang='lat'>‚</span> <span class='ocrx_word' id='word_1_76' title='bbox 1099 845 1171 868; x_wconf 91' lang='lat' dir='ltr'>cum</span> <span class='ocrx_word' id='word_1_77' title='bbox 1184 834 1269 877; x_wconf 86' lang='lat' dir='ltr'>Juris</span> <span class='ocrx_word' id='word_1_78' title='bbox 1292 833 1478 877; x_wconf 80' lang='lat' dir='ltr'>interpretes</span> <span class='ocrx_word' id='word_1_79' title='bbox 1490 834 1617 869; x_wconf 87' lang='lat' dir='ltr'>tradant</span> <span class='ocrx_word' id='word_1_80' title='bbox 1628 852 1638 879; x_wconf 83' lang='lat'>3</span> 
     </span>
     <span class='ocr_line' id='line_1_9' title="bbox 478 880 1639 932; baseline -0.004 -11"><span class='ocrx_word' id='word_1_81' title='bbox 478 887 509 921; x_wconf 86' lang='lat' dir='ltr'>Si</span> <span class='ocrx_word' id='word_1_82' title='bbox 524 887 595 932; x_wconf 86' lang='lat' dir='ltr'>quis</span> <span class='ocrx_word' id='word_1_83' title='bbox 608 886 698 920; x_wconf 83' lang='lat' dir='ltr'>alteri</span> <span class='ocrx_word' id='word_1_84' title='bbox 711 884 884 929; x_wconf 79' lang='lat' dir='ltr'>promittit,</span> <span class='ocrx_word' id='word_1_85' title='bbox 895 882 1017 930; x_wconf 77' lang='lat' dir='ltr'>aliquid</span> <span class='ocrx_word' id='word_1_86' title='bbox 1030 882 1119 926; x_wconf 67' lang='lat' dir='ltr'>dare,</span> <span class='ocrx_word' id='word_1_87' title='bbox 1143 880 1164 917; x_wconf 82' lang='lat' dir='ltr'>li</span> <span class='ocrx_word' id='word_1_88' title='bbox 1175 880 1266 915; x_wconf 82' lang='lat' dir='ltr'>aliter</span> <span class='ocrx_word' id='word_1_89' title='bbox 1287 880 1386 924; x_wconf 84' lang='lat' dir='ltr'>ipsum</span> <span class='ocrx_word' id='word_1_90' title='bbox 1407 881 1496 916; x_wconf 89' lang='lat' dir='ltr'>cursu</span> <span class='ocrx_word' id='word_1_91' title='bbox 1518 882 1639 923; x_wconf 88' lang='lat' dir='ltr'>vicerit,</span> 
     </span>
     <span class='ocr_line' id='line_1_10' title="bbox 476 926 1495 978; baseline -0.006 -10"><span class='ocrx_word' id='word_1_92' title='bbox 476 932 594 969; x_wconf 85' lang='lat' dir='ltr'>deinde</span> <span class='ocrx_word' id='word_1_93' title='bbox 607 933 670 978; x_wconf 84' lang='lat' dir='ltr'>ipse</span> <span class='ocrx_word' id='word_1_94' title='bbox 682 932 765 967; x_wconf 82' lang='lat' dir='ltr'>nolit</span> <span class='ocrx_word' id='word_1_95' title='bbox 775 942 900 967; x_wconf 84' lang='lat' dir='ltr'>currere</span> <span class='ocrx_word' id='word_1_96' title='bbox 914 959 924 973; x_wconf 89' lang='lat'>,</span> <span class='ocrx_word' id='word_1_97' title='bbox 946 930 1157 967; x_wconf 80' lang='lat' dir='ltr'>nihilominus</span> <span class='ocrx_word' id='word_1_98' title='bbox 1169 936 1296 964; x_wconf 88' lang='lat' dir='ltr'>tenetur</span> <span class='ocrx_word' id='word_1_99' title='bbox 1307 926 1392 963; x_wconf 88' lang='lat' dir='ltr'>idem</span> <span class='ocrx_word' id='word_1_100' title='bbox 1406 927 1495 964; x_wconf 85' lang='lat' dir='ltr'>dare.</span> 
     </span>
    </p>
   </div>
   <div class='ocr_carea' id='block_1_3' title="bbox 479 1021 1350 1063">
    <p class='ocr_par' dir='ltr' id='par_1_3' title="bbox 479 1021 1350 1063">
     <span class='ocr_line' id='line_1_11' title="bbox 479 1021 1350 1063; baseline -0.007 -8"><span class='ocrx_word' id='word_1_101' title='bbox 479 1026 530 1055; x_wconf 68' lang='lat' dir='ltr'>Vici</span> <span class='ocrx_word' id='word_1_102' title='bbox 557 1025 764 1055; x_wconf 77' lang='lat' dir='ltr'>Plutarchumin</span> <span class='ocrx_word' id='word_1_103' title='bbox 774 1023 937 1063; x_wconf 50' lang='lat' dir='ltr'>&amp;mpofiacia</span> <span class='ocrx_word' id='word_1_104' title='bbox 962 1023 1105 1061; x_wconf 58' lang='lat' dir='ltr'>§enatem</span> <span class='ocrx_word' id='word_1_105' title='bbox 1122 1021 1174 1054; x_wconf 74' lang='lat' dir='ltr'>tib,</span> <span class='ocrx_word' id='word_1_106' title='bbox 1189 1032 1212 1059; x_wconf 85' lang='lat'>3.</span> <span class='ocrx_word' id='word_1_107' title='bbox 1230 1029 1289 1062; x_wconf 79' lang='lat' dir='ltr'>cap.</span> <span class='ocrx_word' id='word_1_108' title='bbox 1306 1030 1350 1057; x_wconf 86' lang='lat'>¹5-</span> 
     </span>
    </p>
   </div>
   <div class='ocr_carea' id='block_1_4' title="bbox 530 1116 1644 1212">
    <p class='ocr_par' dir='ltr' id='par_1_4' title="bbox 530 1116 1644 1212">
     <span class='ocr_line' id='line_1_12' title="bbox 530 1116 1644 1166; baseline 0.001 -13"><span class='ocrx_word' id='word_1_109' title='bbox 530 1122 584 1153; x_wconf 83' lang='lat' dir='ltr'>An</span> <span class='ocrx_word' id='word_1_110' title='bbox 596 1122 777 1166; x_wconf 71' lang='lat' dir='ltr'>st&#39;praemium</span> <span class='ocrx_word' id='word_1_111' title='bbox 786 1120 813 1152; x_wconf 83' lang='lat' dir='ltr'>ei</span> <span class='ocrx_word' id='word_1_112' title='bbox 822 1118 1000 1165; x_wconf 73' lang='lat' dir='ltr'>propositum</span> <span class='ocrx_word' id='word_1_113' title='bbox 1006 1121 1050 1163; x_wconf 83' lang='lat' dir='ltr'>fit</span> <span class='ocrx_word' id='word_1_114' title='bbox 1067 1144 1074 1156; x_wconf 91' lang='lat'><em>‚</em></span> <span class='ocrx_word' id='word_1_115' title='bbox 1097 1119 1153 1163; x_wconf 79' lang='lat' dir='ltr'>qui</span> <span class='ocrx_word' id='word_1_116' title='bbox 1162 1119 1281 1163; x_wconf 85' lang='lat' dir='ltr'>primus</span> <span class='ocrx_word' id='word_1_117' title='bbox 1291 1116 1376 1152; x_wconf 70' lang='lat' dir='ltr'><em>urbis</em></span> <span class='ocrx_word' id='word_1_118' title='bbox 1390 1129 1491 1153; x_wconf 86' lang='lat' dir='ltr'>mures</span> <span class='ocrx_word' id='word_1_119' title='bbox 1502 1119 1644 1164; x_wconf 81' lang='lat' dir='ltr'>conscen-</span> 
     </span>
     <span class='ocr_line' id='line_1_13' title="bbox 617 1164 1411 1212; baseline -0.004 -11"><span class='ocrx_word' id='word_1_120' title='bbox 617 1167 680 1201; x_wconf 81' lang='lat' dir='ltr'>deri</span> <span class='ocrx_word' id='word_1_121' title='bbox 683 1179 707 1210; x_wconf 84' lang='lat' dir='ltr'>t,</span> <span class='ocrx_word' id='word_1_122' title='bbox 714 1168 742 1212; x_wconf 82' lang='lat' dir='ltr'><em>fi</em></span> <span class='ocrx_word' id='word_1_123' title='bbox 753 1165 912 1211; x_wconf 74' lang='lat' dir='ltr'>duoſsmul</span> <span class='ocrx_word' id='word_1_124' title='bbox 923 1164 1130 1209; x_wconf 80' lang='lat' dir='ltr'>conscendant,</span> <span class='ocrx_word' id='word_1_125' title='bbox 1141 1167 1239 1211; x_wconf 82' lang='lat' dir='ltr'>utriq3</span> <span class='ocrx_word' id='word_1_126' title='bbox 1248 1164 1411 1201; x_wconf 76' lang='lat' dir='ltr'>debeatur?</span> 
     </span>
    </p>
   </div>
   <div class='ocr_carea' id='block_1_5' title="bbox 481 1257 1646 2343">
    <p class='ocr_par' dir='ltr' id='par_1_5' title="bbox 481 1257 1646 2343">
     <span class='ocr_line' id='line_1_14' title="bbox 482 1257 1642 1338; baseline 0.002 -44"><span class='ocrx_word' id='word_1_127' title='bbox 482 1260 647 1338; x_wconf 85' lang='lat' dir='ltr'>CApta</span> <span class='ocrx_word' id='word_1_128' title='bbox 661 1268 744 1294; x_wconf 81' lang='lat' dir='ltr'>nova</span> <span class='ocrx_word' id='word_1_129' title='bbox 757 1260 955 1306; x_wconf 77' lang='lat' dir='ltr'>Carthagine</span> <span class='ocrx_word' id='word_1_130' title='bbox 966 1259 1152 1304; x_wconf 73' lang='lat' dir='ltr'>inl-{ispania</span> <span class='ocrx_word' id='word_1_131' title='bbox 1162 1257 1352 1304; x_wconf 88' lang='lat' dir='ltr'>Pub.Scipio</span> <span class='ocrx_word' id='word_1_132' title='bbox 1367 1269 1440 1293; x_wconf 89' lang='lat' dir='ltr'>cum</span> <span class='ocrx_word' id='word_1_133' title='bbox 1454 1257 1573 1294; x_wconf 62' lang='lat' dir='ltr'>virtute</span> <span class='ocrx_word' id='word_1_134' title='bbox 1583 1261 1642 1296; x_wconf 89' lang='lat' dir='ltr'>mi-</span> 
     </span>
     <span class='ocr_line' id='line_1_15' title="bbox 576 1305 1642 1352; baseline 0.003 -12"><span class='ocrx_word' id='word_1_135' title='bbox 576 1308 667 1342; x_wconf 86' lang='lat' dir='ltr'>liturn</span> <span class='ocrx_word' id='word_1_136' title='bbox 681 1308 736 1352; x_wconf 91' lang='lat' dir='ltr'>qui</span> <span class='ocrx_word' id='word_1_137' title='bbox 750 1319 859 1342; x_wconf 88' lang='lat' dir='ltr'>muros</span> <span class='ocrx_word' id='word_1_138' title='bbox 871 1305 1120 1341; x_wconf 84' lang='lat' dir='ltr'>conscenderant</span> <span class='ocrx_word' id='word_1_139' title='bbox 1132 1317 1332 1341; x_wconf 85' lang='lat' dir='ltr'>remunerare</span> <span class='ocrx_word' id='word_1_140' title='bbox 1345 1306 1642 1351; x_wconf 76' lang='lat' dir='ltr'>vellet,praecipuum</span> 
     </span>
     <span class='ocr_line' id='line_1_16' title="bbox 575 1353 1644 1399; baseline 0.002 -11"><span class='ocrx_word' id='word_1_141' title='bbox 575 1354 705 1388; x_wconf 84' lang='lat' dir='ltr'>muralis</span> <span class='ocrx_word' id='word_1_142' title='bbox 715 1365 841 1389; x_wconf 84' lang='lat' dir='ltr'>coronae</span> <span class='ocrx_word' id='word_1_143' title='bbox 853 1353 948 1388; x_wconf 85' lang='lat' dir='ltr'>decus</span> <span class='ocrx_word' id='word_1_144' title='bbox 960 1353 1028 1397; x_wconf 84' lang='lat' dir='ltr'>ejus</span> <span class='ocrx_word' id='word_1_145' title='bbox 1049 1353 1122 1388; x_wconf 85' lang='lat' dir='ltr'>fore</span> <span class='ocrx_word' id='word_1_146' title='bbox 1132 1355 1186 1399; x_wconf 89' lang='lat' dir='ltr'>qui</span> <span class='ocrx_word' id='word_1_147' title='bbox 1200 1354 1318 1397; x_wconf 87' lang='lat' dir='ltr'>primus</span> <span class='ocrx_word' id='word_1_148' title='bbox 1341 1364 1469 1388; x_wconf 89' lang='lat' dir='ltr'>murum</span> <span class='ocrx_word' id='word_1_149' title='bbox 1493 1353 1644 1390; x_wconf 85' lang='lat' dir='ltr'>conscen-</span> 
     </span>
     <span class='ocr_line' id='line_1_17' title="bbox 482 1398 1643 1446; baseline 0 -10"><span class='ocrx_word' id='word_1_150' title='bbox 482 1400 585 1445; x_wconf 77' lang='lat' dir='ltr'>derat,</span> <span class='ocrx_word' id='word_1_151' title='bbox 599 1412 656 1445; x_wconf 90' lang='lat' dir='ltr'>pro</span> <span class='ocrx_word' id='word_1_152' title='bbox 668 1402 826 1435; x_wconf 88' lang='lat' dir='ltr'>concione</span> <span class='ocrx_word' id='word_1_153' title='bbox 838 1399 929 1444; x_wconf 81' lang='lat' dir='ltr'>dixit,</span> <span class='ocrx_word' id='word_1_154' title='bbox 945 1403 977 1434; x_wconf 69' lang='grc' dir='ltr'>δι</span> <span class='ocrx_word' id='word_1_155' title='bbox 991 1399 1058 1435; x_wconf 90' lang='lat' dir='ltr'>duo</span> <span class='ocrx_word' id='word_1_156' title='bbox 1072 1399 1201 1446; x_wconf 75' lang='lat' dir='ltr'>professi</span> <span class='ocrx_word' id='word_1_157' title='bbox 1212 1399 1281 1435; x_wconf 84' lang='lat' dir='ltr'>sunt</span> <span class='ocrx_word' id='word_1_158' title='bbox 1295 1427 1303 1439; x_wconf 87' lang='lat'>‚</span> <span class='ocrx_word' id='word_1_159' title='bbox 1327 1400 1358 1434; x_wconf 88' lang='lat' dir='ltr'>se</span> <span class='ocrx_word' id='word_1_160' title='bbox 1368 1398 1540 1436; x_wconf 85' lang='lat' dir='ltr'>ascendisse</span> <span class='ocrx_word' id='word_1_161' title='bbox 1551 1429 1561 1446; x_wconf 89' lang='lat'>,</span> <span class='ocrx_word' id='word_1_162' title='bbox 1583 1412 1643 1437; x_wconf 87' lang='lat' dir='ltr'>nec</span> 
     </span>
     <span class='ocr_line' id='line_1_18' title="bbox 482 1446 1642 1493; baseline 0.002 -12"><span class='ocrx_word' id='word_1_163' title='bbox 482 1448 553 1482; x_wconf 76' lang='lat' dir='ltr'>satis</span> <span class='ocrx_word' id='word_1_164' title='bbox 565 1447 711 1483; x_wconf 78' lang='lat' dir='ltr'>constare</span> <span class='ocrx_word' id='word_1_165' title='bbox 723 1458 861 1493; x_wconf 80' lang='lat' dir='ltr'>poterat,</span> <span class='ocrx_word' id='word_1_166' title='bbox 882 1458 952 1482; x_wconf 84' lang='lat' dir='ltr'>uter</span> <span class='ocrx_word' id='word_1_167' title='bbox 969 1459 1081 1482; x_wconf 88' lang='lat' dir='ltr'>eorum</span> <span class='ocrx_word' id='word_1_168' title='bbox 1094 1448 1212 1492; x_wconf 87' lang='lat' dir='ltr'>primus</span> <span class='ocrx_word' id='word_1_169' title='bbox 1222 1477 1232 1492; x_wconf 85' lang='lat'><em>‚</em></span> <span class='ocrx_word' id='word_1_170' title='bbox 1257 1446 1349 1493; x_wconf 88' lang='lat' dir='ltr'>quod</span> <span class='ocrx_word' id='word_1_171' title='bbox 1362 1448 1481 1492; x_wconf 86' lang='lat' dir='ltr'>pariter</span> <span class='ocrx_word' id='word_1_172' title='bbox 1491 1447 1642 1484; x_wconf 74' lang='lat' dir='ltr'>ascendis-</span> 
     </span>
     <span class='ocr_line' id='line_1_19' title="bbox 482 1493 1644 1539; baseline 0 -10"><span class='ocrx_word' id='word_1_173' title='bbox 482 1496 549 1530; x_wconf 90' lang='lat' dir='ltr'>sent</span> <span class='ocrx_word' id='word_1_174' title='bbox 563 1508 571 1527; x_wconf 66' lang='grc' dir='ltr'><strong><em>τ</em></strong></span> <span class='ocrx_word' id='word_1_175' title='bbox 598 1497 701 1530; x_wconf 85' lang='lat' dir='ltr'>Livius</span> <span class='ocrx_word' id='word_1_176' title='bbox 713 1495 820 1539; x_wconf 86' lang='lat' dir='ltr'>refert,</span> <span class='ocrx_word' id='word_1_177' title='bbox 847 1496 1039 1539; x_wconf 84' lang='lat' dir='ltr'>Scipionem,</span> <span class='ocrx_word' id='word_1_178' title='bbox 1054 1493 1166 1529; x_wconf 81' lang='lat' dir='ltr'>ambos</span> <span class='ocrx_word' id='word_1_179' title='bbox 1180 1493 1355 1529; x_wconf 84' lang='lat' dir='ltr'>muralibus</span> <span class='ocrx_word' id='word_1_180' title='bbox 1366 1495 1496 1529; x_wconf 86' lang='lat' dir='ltr'>coronis</span> <span class='ocrx_word' id='word_1_181' title='bbox 1510 1496 1554 1530; x_wconf 81' lang='lat' dir='ltr'>vir</span> <span class='ocrx_word' id='word_1_182' title='bbox 1565 1496 1644 1531; x_wconf 84' lang='lat' dir='ltr'>tutis</span> 
     </span>
     <span class='ocr_line' id='line_1_20' title="bbox 487 1540 1643 1587; baseline 0.002 -12"><span class='ocrx_word' id='word_1_183' title='bbox 487 1542 575 1576; x_wconf 82' lang='lat' dir='ltr'>causa</span> <span class='ocrx_word' id='word_1_184' title='bbox 589 1540 729 1577; x_wconf 75' lang='lat' dir='ltr'>donasse.</span> <span class='ocrx_word' id='word_1_185' title='bbox 756 1542 911 1587; x_wconf 78' lang='lat' dir='ltr'>Ulpianus</span> <span class='ocrx_word' id='word_1_186' title='bbox 923 1554 997 1577; x_wconf 89' lang='lat' dir='ltr'>vero</span> <span class='ocrx_word' id='word_1_187' title='bbox 1010 1541 1262 1585; x_wconf 83' lang='lat' dir='ltr'>Jureconsultus,</span> <span class='ocrx_word' id='word_1_188' title='bbox 1273 1542 1329 1581; x_wconf 84' lang='lat' dir='ltr'>ait,</span> <span class='ocrx_word' id='word_1_189' title='bbox 1349 1541 1371 1576; x_wconf 86' lang='lat' dir='ltr'>fi</span> <span class='ocrx_word' id='word_1_190' title='bbox 1382 1542 1535 1587; x_wconf 82' lang='lat' dir='ltr'>Legatum</span> <span class='ocrx_word' id='word_1_191' title='bbox 1546 1541 1643 1577; x_wconf 86' lang='lat' dir='ltr'>fuerit</span> 
     </span>
     <span class='ocr_line' id='line_1_21' title="bbox 484 1587 1644 1635; baseline 0.002 -12"><span class='ocrx_word' id='word_1_192' title='bbox 484 1589 641 1633; x_wconf 63' lang='lat' dir='ltr'>reliChnn,</span> <span class='ocrx_word' id='word_1_193' title='bbox 655 1591 682 1624; x_wconf 88' lang='lat' dir='ltr'>ei</span> <span class='ocrx_word' id='word_1_194' title='bbox 693 1590 748 1635; x_wconf 89' lang='lat' dir='ltr'>qui</span> <span class='ocrx_word' id='word_1_195' title='bbox 763 1591 880 1634; x_wconf 84' lang='lat' dir='ltr'>primus</span> <span class='ocrx_word' id='word_1_196' title='bbox 892 1589 1093 1634; x_wconf 80' lang='lat' dir='ltr'>Capitolium</span> <span class='ocrx_word' id='word_1_197' title='bbox 1103 1587 1289 1632; x_wconf 81' lang='lat' dir='ltr'>ascenderit,</span> <span class='ocrx_word' id='word_1_198' title='bbox 1312 1588 1332 1623; x_wconf 81' lang='lat' dir='ltr'>fi</span> <span class='ocrx_word' id='word_1_199' title='bbox 1345 1588 1434 1623; x_wconf 82' lang='lat' dir='ltr'>simul</span> <span class='ocrx_word' id='word_1_200' title='bbox 1448 1588 1515 1624; x_wconf 87' lang='lat' dir='ltr'>duo</span> <span class='ocrx_word' id='word_1_201' title='bbox 1525 1587 1644 1625; x_wconf 88' lang='lat' dir='ltr'>venisse</span> 
     </span>
     <span class='ocr_line' id='line_1_22' title="bbox 486 1635 1642 1683; baseline 0 -13"><span class='ocrx_word' id='word_1_202' title='bbox 486 1636 643 1678; x_wconf 77' lang='lat' dir='ltr'>dicantur,</span> <span class='ocrx_word' id='word_1_203' title='bbox 658 1647 716 1671; x_wconf 88' lang='lat' dir='ltr'>nec</span> <span class='ocrx_word' id='word_1_204' title='bbox 727 1647 867 1682; x_wconf 85' lang='lat' dir='ltr'>apparet,</span> <span class='ocrx_word' id='word_1_205' title='bbox 889 1638 961 1683; x_wconf 88' lang='lat' dir='ltr'>quis</span> <span class='ocrx_word' id='word_1_206' title='bbox 974 1638 1061 1682; x_wconf 84' lang='lat' dir='ltr'>prior</span> <span class='ocrx_word' id='word_1_207' title='bbox 1072 1637 1193 1671; x_wconf 88' lang='lat' dir='ltr'>venerit</span> <span class='ocrx_word' id='word_1_208' title='bbox 1207 1662 1215 1676; x_wconf 95' lang='lat'>‚</span> <span class='ocrx_word' id='word_1_209' title='bbox 1240 1637 1347 1670; x_wconf 88' lang='lat' dir='ltr'>neutri</span> <span class='ocrx_word' id='word_1_210' title='bbox 1359 1635 1467 1671; x_wconf 85' lang='lat' dir='ltr'>deberi</span> <span class='ocrx_word' id='word_1_211' title='bbox 1481 1636 1642 1682; x_wconf 82' lang='lat' dir='ltr'>legatum:</span> 
     </span>
     <span class='ocr_line' id='line_1_23' title="bbox 483 1680 1643 1731; baseline -0.001 -12"><span class='ocrx_word' id='word_1_212' title='bbox 483 1684 524 1719; x_wconf 84' lang='lat' dir='ltr'>Et</span> <span class='ocrx_word' id='word_1_213' title='bbox 537 1685 636 1731; x_wconf 78' lang='lat' dir='ltr'>Hugo</span> <span class='ocrx_word' id='word_1_214' title='bbox 647 1684 809 1720; x_wconf 85' lang='lat' dir='ltr'>Donellus</span> <span class='ocrx_word' id='word_1_215' title='bbox 831 1687 863 1719; x_wconf 87' lang='lat' dir='ltr'>in</span> <span class='ocrx_word' id='word_1_216' title='bbox 875 1684 1123 1719; x_wconf 86' lang='lat' dir='ltr'>Commentario</span> <span class='ocrx_word' id='word_1_217' title='bbox 1136 1682 1178 1717; x_wconf 84' lang='lat' dir='ltr'>ad</span> <span class='ocrx_word' id='word_1_218' title='bbox 1203 1682 1289 1718; x_wconf 87' lang='lat' dir='ltr'>illam</span> <span class='ocrx_word' id='word_1_219' title='bbox 1302 1682 1433 1727; x_wconf 76' lang='lat' dir='ltr'>Ulpiani</span> <span class='ocrx_word' id='word_1_220' title='bbox 1455 1680 1643 1728; x_wconf 78' lang='lat' dir='ltr'>disputatio-</span> 
     </span>
     <span class='ocr_line' id='line_1_24' title="bbox 481 1727 1643 1812; baseline 0.001 -48"><span class='ocrx_word' id='word_1_221' title='bbox 481 1743 570 1770; x_wconf 83' lang='lat' dir='ltr'>nem,</span> <span class='ocrx_word' id='word_1_222' title='bbox 585 1734 640 1776; x_wconf 77' lang='lat' dir='ltr'>ait,</span> <span class='ocrx_word' id='word_1_223' title='bbox 652 1733 831 1777; x_wconf 86' lang='lat' dir='ltr'>Scipionem</span> <span class='ocrx_word' id='word_1_224' title='bbox 845 1733 946 1778; x_wconf 88' lang='lat' dir='ltr'>magis</span> <span class='ocrx_word' id='word_1_225' title='bbox 959 1743 997 1765; x_wconf 86' lang='lat' dir='ltr'>ex</span> <span class='ocrx_word' id='word_1_226' title='bbox 1009 1731 1110 1776; x_wconf 75' lang='lat' dir='ltr'>gratia</span> <span class='ocrx_word' id='word_1_227' title='bbox 1124 1740 1222 1776; x_wconf 82' lang='lat' dir='ltr'>quarn·</span> <span class='ocrx_word' id='word_1_228' title='bbox 1235 1728 1274 1763; x_wconf 89' lang='lat' dir='ltr'>de</span> <span class='ocrx_word' id='word_1_229' title='bbox 1287 1728 1358 1773; x_wconf 84' lang='lat' dir='ltr'>jure</span> <span class='ocrx_word' id='word_1_230' title='bbox 1368 1727 1476 1775; x_wconf 79' lang='lat' dir='ltr'>egiss&#39;e,</span> <span class='ocrx_word' id='word_1_231' title='bbox 1496 1729 1565 1812; x_wconf 60' lang='lat' dir='ltr'>id&lt;113</span> <span class='ocrx_word' id='word_1_232' title='bbox 1581 1732 1643 1765; x_wconf 88' lang='lat' dir='ltr'>Sci-</span> 
     </span>
     <span class='ocr_line' id='line_1_25' title="bbox 484 1776 1643 1822; baseline 0.002 -11"><span class='ocrx_word' id='word_1_233' title='bbox 484 1779 614 1822; x_wconf 81' lang='lat' dir='ltr'>pionem</span> <span class='ocrx_word' id='word_1_234' title='bbox 627 1777 989 1822; x_wconf 79' lang='lat' dir='ltr'>satisintellexiffe,cum</span> <span class='ocrx_word' id='word_1_235' title='bbox 1005 1778 1152 1822; x_wconf 79' lang='lat' dir='ltr'>privatim</span> <span class='ocrx_word' id='word_1_236' title='bbox 1163 1776 1352 1821; x_wconf 82' lang='lat' dir='ltr'>declararet,</span> <span class='ocrx_word' id='word_1_237' title='bbox 1372 1788 1439 1811; x_wconf 88' lang='lat' dir='ltr'>non</span> <span class='ocrx_word' id='word_1_238' title='bbox 1451 1776 1526 1812; x_wconf 88' lang='lat' dir='ltr'>ideo</span> <span class='ocrx_word' id='word_1_239' title='bbox 1549 1789 1643 1813; x_wconf 76' lang='lat' dir='ltr'>eam-</span> 
     </span>
     <span class='ocr_line' id='line_1_26' title="bbox 483 1823 1643 1871; baseline 0.001 -12"><span class='ocrx_word' id='word_1_240' title='bbox 483 1823 590 1859; x_wconf 80' lang='lat' dir='ltr'>bobus</span> <span class='ocrx_word' id='word_1_241' title='bbox 602 1824 734 1871; x_wconf 72' lang='lat' dir='ltr'>dedisse,</span> <span class='ocrx_word' id='word_1_242' title='bbox 746 1827 820 1871; x_wconf 81' lang='lat' dir='ltr'>quia</span> <span class='ocrx_word' id='word_1_243' title='bbox 832 1824 1029 1870; x_wconf 54' lang='lat' dir='ltr'>deberegsed</span> <span class='ocrx_word' id='word_1_244' title='bbox 1042 1826 1118 1870; x_wconf 83' lang='lat' dir='ltr'>quia</span> <span class='ocrx_word' id='word_1_245' title='bbox 1130 1835 1195 1858; x_wconf 89' lang='lat' dir='ltr'>rem</span> <span class='ocrx_word' id='word_1_246' title='bbox 1208 1835 1267 1869; x_wconf 89' lang='lat' dir='ltr'>pro</span> <span class='ocrx_word' id='word_1_247' title='bbox 1280 1833 1426 1869; x_wconf 87' lang='lat' dir='ltr'>tempore</span> <span class='ocrx_word' id='word_1_248' title='bbox 1437 1823 1643 1865; x_wconf 77' lang='lat' dir='ltr'>dissimulare,</span> 
     </span>
     <span class='ocr_line' id='line_1_27' title="bbox 486 1870 1642 1916; baseline 0.003 -12"><span class='ocrx_word' id='word_1_249' title='bbox 486 1872 565 1905; x_wconf 81' lang='lat' dir='ltr'>utile</span> <span class='ocrx_word' id='word_1_250' title='bbox 578 1871 738 1915; x_wconf 72' lang='lat' dir='ltr'>judicabat</span> <span class='ocrx_word' id='word_1_251' title='bbox 753 1890 762 1916; x_wconf 83' lang='lat'><em>3</em></span> <span class='ocrx_word' id='word_1_252' title='bbox 788 1872 902 1907; x_wconf 85' lang='lat' dir='ltr'>scilicet</span> <span class='ocrx_word' id='word_1_253' title='bbox 913 1882 949 1907; x_wconf 91' lang='lat' dir='ltr'>ut</span> <span class='ocrx_word' id='word_1_254' title='bbox 961 1872 1057 1907; x_wconf 86' lang='lat' dir='ltr'>refert</span> <span class='ocrx_word' id='word_1_255' title='bbox 1069 1871 1195 1915; x_wconf 78' lang='lat' dir='ltr'>Livius,</span> <span class='ocrx_word' id='word_1_256' title='bbox 1217 1881 1253 1905; x_wconf 87' lang='lat' dir='ltr'>ut</span> <span class='ocrx_word' id='word_1_257' title='bbox 1265 1870 1452 1905; x_wconf 82' lang='lat' dir='ltr'>seditionem</span> <span class='ocrx_word' id='word_1_258' title='bbox 1465 1872 1642 1916; x_wconf 85' lang='lat' dir='ltr'>compesce-</span> 
     </span>
     <span class='ocr_line' id='line_1_28' title="bbox 483 1916 1643 1964; baseline 0.002 -12"><span class='ocrx_word' id='word_1_259' title='bbox 483 1928 547 1961; x_wconf 69' lang='lat' dir='ltr'>ret,</span> <span class='ocrx_word' id='word_1_260' title='bbox 560 1918 599 1952; x_wconf 83' lang='lat' dir='ltr'>ad</span> <span class='ocrx_word' id='word_1_261' title='bbox 611 1930 707 1964; x_wconf 83' lang='lat' dir='ltr'>quam</span> <span class='ocrx_word' id='word_1_262' title='bbox 720 1930 767 1954; x_wconf 85' lang='lat' dir='ltr'>res</span> <span class='ocrx_word' id='word_1_263' title='bbox 780 1919 914 1964; x_wconf 62' lang='lat' dir='ltr'>speeiare</span> <span class='ocrx_word' id='word_1_264' title='bbox 925 1918 1102 1960; x_wconf 76' lang='lat' dir='ltr'>videbatur,</span> <span class='ocrx_word' id='word_1_265' title='bbox 1124 1928 1255 1963; x_wconf 87' lang='lat' dir='ltr'>propter</span> <span class='ocrx_word' id='word_1_266' title='bbox 1265 1916 1369 1953; x_wconf 87' lang='lat' dir='ltr'>studia</span> <span class='ocrx_word' id='word_1_267' title='bbox 1380 1919 1520 1962; x_wconf 86' lang='lat' dir='ltr'>partium</span> <span class='ocrx_word' id='word_1_268' title='bbox 1535 1946 1543 1959; x_wconf 94' lang='lat'>,</span> <span class='ocrx_word' id='word_1_269' title='bbox 1569 1929 1643 1964; x_wconf 77' lang='lat' dir='ltr'>erga</span> 
     </span>
     <span class='ocr_line' id='line_1_29' title="bbox 487 1963 1643 2010; baseline 0.002 -10"><span class='ocrx_word' id='word_1_270' title='bbox 487 1965 560 2000; x_wconf 83' lang='lat' dir='ltr'>suos</span> <span class='ocrx_word' id='word_1_271' title='bbox 572 1967 820 2006; x_wconf 85' lang='lat' dir='ltr'>commilitones,</span> <span class='ocrx_word' id='word_1_272' title='bbox 832 1967 853 2002; x_wconf 88' lang='lat' dir='ltr'>fi</span> <span class='ocrx_word' id='word_1_273' title='bbox 865 1978 963 2001; x_wconf 89' lang='lat' dir='ltr'>unum</span> <span class='ocrx_word' id='word_1_274' title='bbox 976 1966 1064 2001; x_wconf 85' lang='lat' dir='ltr'>alteri</span> <span class='ocrx_word' id='word_1_275' title='bbox 1078 1963 1258 2010; x_wconf 71' lang='lat' dir='ltr'>praetulisset</span> <span class='ocrx_word' id='word_1_276' title='bbox 1266 1978 1283 2004; x_wconf 93' lang='lat'>·‚</span> <span class='ocrx_word' id='word_1_277' title='bbox 1309 1975 1363 1999; x_wconf 85' lang='lat' dir='ltr'>aut</span> <span class='ocrx_word' id='word_1_278' title='bbox 1385 1963 1517 2000; x_wconf 73' lang='lat' dir='ltr'>dedisset</span> <span class='ocrx_word' id='word_1_279' title='bbox 1528 1967 1643 2002; x_wconf 86' lang='lat' dir='ltr'>neutri.</span> 
     </span>
     <span class='ocr_line' id='line_1_30' title="bbox 489 2010 1645 2060; baseline 0.001 -13"><span class='ocrx_word' id='word_1_280' title='bbox 489 2012 626 2047; x_wconf 82' lang='lat' dir='ltr'>Grotius</span> <span class='ocrx_word' id='word_1_281' title='bbox 649 2013 746 2048; x_wconf 81' lang='lat' dir='ltr'>tradit</span> <span class='ocrx_word' id='word_1_282' title='bbox 768 2013 980 2060; x_wconf 80' lang='lat' dir='ltr'>Chrylippum</span> <span class='ocrx_word' id='word_1_283' title='bbox 994 2013 1072 2048; x_wconf 87' lang='lat' dir='ltr'>olim</span> <span class='ocrx_word' id='word_1_284' title='bbox 1087 2010 1390 2057; x_wconf 49' lang='lat' dir='ltr'>hanc‘quaestionern</span> <span class='ocrx_word' id='word_1_285' title='bbox 1403 2010 1565 2053; x_wconf 52' lang='lat' dir='ltr'>traciam,</span> <span class='ocrx_word' id='word_1_286' title='bbox 1591 2017 1645 2048; x_wconf 89' lang='lat' dir='ltr'>An</span> 
     </span>
     <span class='ocr_line' id='line_1_31' title="bbox 488 2056 1644 2107; baseline 0.002 -14"><span class='ocrx_word' id='word_1_287' title='bbox 488 2061 649 2105; x_wconf 80' lang='lat' dir='ltr'>praemium</span> <span class='ocrx_word' id='word_1_288' title='bbox 666 2062 692 2096; x_wconf 89' lang='lat' dir='ltr'>ei</span> <span class='ocrx_word' id='word_1_289' title='bbox 710 2089 718 2101; x_wconf 86' lang='lat'>‚</span> <span class='ocrx_word' id='word_1_290' title='bbox 744 2062 800 2107; x_wconf 90' lang='lat' dir='ltr'>qui</span> <span class='ocrx_word' id='word_1_291' title='bbox 826 2062 944 2105; x_wconf 86' lang='lat' dir='ltr'>primus</span> <span class='ocrx_word' id='word_1_292' title='bbox 956 2060 996 2094; x_wconf 82' lang='lat' dir='ltr'>ad</span> <span class='ocrx_word' id='word_1_293' title='bbox 1021 2071 1138 2094; x_wconf 86' lang='lat' dir='ltr'>metam</span> <span class='ocrx_word' id='word_1_294' title='bbox 1164 2056 1351 2104; x_wconf 73' lang='lat' dir='ltr'>pervenisset</span> <span class='ocrx_word' id='word_1_295' title='bbox 1364 2076 1373 2103; x_wconf 70' lang='grc' dir='ltr'>ς</span> <span class='ocrx_word' id='word_1_296' title='bbox 1400 2057 1554 2094; x_wconf 79' lang='lat' dir='ltr'>debeatur</span> <span class='ocrx_word' id='word_1_297' title='bbox 1565 2062 1644 2096; x_wconf 88' lang='lat' dir='ltr'>utri-</span> 
     </span>
     <span class='ocr_line' id='line_1_32' title="bbox 487 2106 1644 2187; baseline 0.001 -46"><span class='ocrx_word' id='word_1_298' title='bbox 487 2118 563 2152; x_wconf 84' lang='lat' dir='ltr'>que,</span> <span class='ocrx_word' id='word_1_299' title='bbox 573 2108 593 2142; x_wconf 81' lang='lat' dir='ltr'>fi</span> <span class='ocrx_word' id='word_1_300' title='bbox 604 2108 692 2143; x_wconf 77' lang='lat' dir='ltr'>fimul</span> <span class='ocrx_word' id='word_1_301' title='bbox 706 2109 917 2153; x_wconf 86' lang='lat' dir='ltr'>pervenerint,</span> <span class='ocrx_word' id='word_1_302' title='bbox 940 2119 980 2142; x_wconf 82' lang='lat' dir='ltr'>an</span> <span class='ocrx_word' id='word_1_303' title='bbox 992 2108 1093 2143; x_wconf 87' lang='lat' dir='ltr'>neutri</span> <span class='ocrx_word' id='word_1_304' title='bbox 1107 2125 1116 2151; x_wconf 90' lang='lat'>;</span> <span class='ocrx_word' id='word_1_305' title='bbox 1145 2107 1234 2187; x_wconf 45' lang='grc' dir='ltr'>(Ἧίει</span> <span class='ocrx_word' id='word_1_306' title='bbox 1246 2117 1307 2141; x_wconf 87' lang='lat' dir='ltr'>vox</span> <span class='ocrx_word' id='word_1_307' title='bbox 1318 2107 1414 2141; x_wconf 72' lang='lat' dir='ltr'>Primi</span> <span class='ocrx_word' id='word_1_308' title='bbox 1426 2106 1574 2153; x_wconf 85' lang='lat' dir='ltr'>ambigua</span> <span class='ocrx_word' id='word_1_309' title='bbox 1585 2107 1644 2149; x_wconf 83' lang='lat' dir='ltr'>est,</span> 
     </span>
     <span class='ocr_line' id='line_1_33' title="bbox 488 2154 1643 2202; baseline 0.003 -15"><span class='ocrx_word' id='word_1_310' title='bbox 488 2165 561 2188; x_wconf 79' lang='lat' dir='ltr'>nam</span> <span class='ocrx_word' id='word_1_311' title='bbox 574 2154 725 2201; x_wconf 76' lang='lat' dir='ltr'>fignificat</span> <span class='ocrx_word' id='word_1_312' title='bbox 733 2164 788 2190; x_wconf 84' lang='lat' dir='ltr'>aut</span> <span class='ocrx_word' id='word_1_313' title='bbox 799 2167 872 2190; x_wconf 86' lang='lat' dir='ltr'>eum</span> <span class='ocrx_word' id='word_1_314' title='bbox 883 2156 938 2202; x_wconf 91' lang='lat' dir='ltr'>qui</span> <span class='ocrx_word' id='word_1_315' title='bbox 951 2166 1061 2191; x_wconf 85' lang='lat' dir='ltr'>omnes</span> <span class='ocrx_word' id='word_1_316' title='bbox 1072 2164 1181 2189; x_wconf 83' lang='lat' dir='ltr'>antece</span> <span class='ocrx_word' id='word_1_317' title='bbox 1208 2155 1231 2187; x_wconf 90' lang='lat' dir='ltr'>it</span> <span class='ocrx_word' id='word_1_318' title='bbox 1244 2183 1254 2198; x_wconf 91' lang='lat'>,</span> <span class='ocrx_word' id='word_1_319' title='bbox 1275 2162 1328 2188; x_wconf 80' lang='lat' dir='ltr'>aut</span> <span class='ocrx_word' id='word_1_320' title='bbox 1339 2164 1435 2200; x_wconf 87' lang='lat' dir='ltr'>quem</span> <span class='ocrx_word' id='word_1_321' title='bbox 1450 2166 1555 2189; x_wconf 87' lang='lat' dir='ltr'>nemo.</span> <span class='ocrx_word' id='word_1_322' title='bbox 1581 2154 1643 2190; x_wconf 90' lang='lat' dir='ltr'>Sed</span> 
     </span>
     <span class='ocr_line' id='line_1_34' title="bbox 489 2199 1646 2247; baseline 0.002 -13"><span class='ocrx_word' id='word_1_323' title='bbox 489 2202 562 2246; x_wconf 82' lang='lat' dir='ltr'>quia</span> <span class='ocrx_word' id='word_1_324' title='bbox 576 2204 697 2247; x_wconf 50' lang='lat' dir='ltr'>premia</span> <span class='ocrx_word' id='word_1_325' title='bbox 711 2201 899 2237; x_wconf 81' lang='lat' dir='ltr'>favorabilia</span> <span class='ocrx_word' id='word_1_326' title='bbox 922 2203 993 2237; x_wconf 88' lang='lat' dir='ltr'>sunt</span> <span class='ocrx_word' id='word_1_327' title='bbox 1005 2233 1014 2247; x_wconf 95' lang='lat'>,</span> <span class='ocrx_word' id='word_1_328' title='bbox 1039 2203 1141 2237; x_wconf 79' lang='lat' dir='ltr'>vei-ius</span> <span class='ocrx_word' id='word_1_329' title='bbox 1154 2199 1217 2236; x_wconf 78' lang='lat' dir='ltr'>else</span> <span class='ocrx_word' id='word_1_330' title='bbox 1241 2201 1449 2236; x_wconf 82' lang='lat' dir='ltr'>concursuros</span> <span class='ocrx_word' id='word_1_331' title='bbox 1461 2201 1502 2236; x_wconf 84' lang='lat' dir='ltr'>ad</span> <span class='ocrx_word' id='word_1_332' title='bbox 1527 2204 1646 2247; x_wconf 75' lang='lat' dir='ltr'>praemi-</span> 
     </span>
     <span class='ocr_line' id='line_1_35' title="bbox 488 2247 1643 2330; baseline 0.002 -48"><span class='ocrx_word' id='word_1_333' title='bbox 488 2259 555 2293; x_wconf 74' lang='lat' dir='ltr'>um,</span> <span class='ocrx_word' id='word_1_334' title='bbox 576 2262 759 2298; x_wconf 76' lang='lat' dir='ltr'>quanquam</span> <span class='ocrx_word' id='word_1_335' title='bbox 775 2250 934 2288; x_wconf 78' lang='lat' dir='ltr'>liberalius</span> <span class='ocrx_word' id='word_1_336' title='bbox 949 2262 1015 2289; x_wconf 91' lang='lat' dir='ltr'>non</span> <span class='ocrx_word' id='word_1_337' title='bbox 1027 2250 1128 2288; x_wconf 83' lang='lat' dir='ltr'>solum</span> <span class='ocrx_word' id='word_1_338' title='bbox 1140 2250 1244 2295; x_wconf 87' lang='lat' dir='ltr'>Scipio</span> <span class='ocrx_word' id='word_1_339' title='bbox 1256 2276 1266 2291; x_wconf 87' lang='lat'>‚</span> <span class='ocrx_word' id='word_1_340' title='bbox 1287 2247 1339 2286; x_wconf 85' lang='lat' dir='ltr'>sed</span> <span class='ocrx_word' id='word_1_341' title='bbox 1352 2251 1383 2285; x_wconf 76' lang='grc' dir='ltr'>δι</span> <span class='ocrx_word' id='word_1_342' title='bbox 1396 2248 1495 2285; x_wconf 74' lang='lat' dir='ltr'>Caesar</span> <span class='ocrx_word' id='word_1_343' title='bbox 1506 2274 1516 2290; x_wconf 94' lang='lat'><em>‚</em></span> <span class='ocrx_word' id='word_1_344' title='bbox 1533 2252 1575 2330; x_wconf 63' lang='lat'>¹&amp;</span> <span class='ocrx_word' id='word_1_345' title='bbox 1585 2252 1643 2292; x_wconf 89' lang='lat' dir='ltr'>Ju-</span> 
     </span>
     <span class='ocr_line' id='line_1_36' title="bbox 1544 2308 1646 2343; baseline -0.01 -11"><span class='ocrx_word' id='word_1_346' title='bbox 1544 2308 1646 2343; x_wconf 78' lang='lat' dir='ltr'>ianus,</span> 
     </span>
    </p>
   </div>
  </div>
 </body>
</html>
